@article{esvelt2013genome,
  title={Genome-scale engineering for systems and synthetic biology},
  author={Esvelt, Kevin M and Wang, Harris H},
  journal={Molecular systems biology},
  volume={9},
  number={1},
  pages={641},
  year={2013},
  publisher={John Wiley \& Sons, Ltd Chichester, UK}
}

@article{puchta2013gene,
  title={Gene targeting in plants: 25 years later},
  author={Puchta, Holger and Fauser, Friedrich},
  journal={International Journal of Developmental Biology},
  volume={57},
  number={6-7-8},
  pages={629--637},
  year={2013},
  publisher={UPV/EHU Press}
}

@article{barrangou2016applications,
  title={Applications of CRISPR technologies in research and beyond},
  author={Barrangou, Rodolphe and Doudna, Jennifer A},
  journal={Nature biotechnology},
  volume={34},
  number={9},
  pages={933--941},
  year={2016},
  publisher={Nature Publishing Group}
}

@article{manghwar2019crispr,
  title={CRISPR/Cas system: recent advances and future prospects for genome editing},
  author={Manghwar, Hakim and Lindsey, Keith and Zhang, Xianlong and Jin, Shuangxia},
  journal={Trends in plant science},
  volume={24},
  number={12},
  pages={1102--1125},
  year={2019},
  publisher={Elsevier}
}

@article{bogdanove2018engineering,
  title={Engineering altered protein--DNA recognition specificity},
  author={Bogdanove, Adam J and Bohm, Andrew and Miller, Jeffrey C and Morgan, Richard D and Stoddard, Barry L},
  journal={Nucleic Acids Research},
  volume={46},
  number={10},
  pages={4845--4871},
  year={2018},
  publisher={Oxford University Press}
}

@article{jinek2012programmable,
  title={A programmable dual-RNA--guided DNA endonuclease in adaptive bacterial immunity},
  author={Jinek, Martin and Chylinski, Krzysztof and Fonfara, Ines and Hauer, Michael and Doudna, Jennifer A and Charpentier, Emmanuelle},
  journal={science},
  volume={337},
  number={6096},
  pages={816--821},
  year={2012},
  publisher={American Association for the Advancement of Science}
}

@article{cho2013targeted,
  title={Targeted genome engineering in human cells with the Cas9 RNA-guided endonuclease},
  author={Cho, Seung Woo and Kim, Sojung and Kim, Jong Min and Kim, Jin-Soo},
  journal={Nature biotechnology},
  volume={31},
  number={3},
  pages={230--232},
  year={2013},
  publisher={Nature Publishing Group}
}

@article{cong2013multiplex,
  title={Multiplex genome engineering using CRISPR/Cas systems},
  author={Cong, Le and Ran, F Ann and Cox, David and Lin, Shuailiang and Barretto, Robert and Habib, Naomi and Hsu, Patrick D and Wu, Xuebing and Jiang, Wenyan and Marraffini, Luciano A and others},
  journal={Science},
  volume={339},
  number={6121},
  pages={819--823},
  year={2013},
  publisher={American Association for the Advancement of Science}
}

@article{mali2013cas9,
  title={CAS9 transcriptional activators for target specificity screening and paired nickases for cooperative genome engineering},
  author={Mali, Prashant and Aach, John and Stranges, P Benjamin and Esvelt, Kevin M and Moosburner, Mark and Kosuri, Sriram and Yang, Luhan and Church, George M},
  journal={Nature biotechnology},
  volume={31},
  number={9},
  pages={833--838},
  year={2013},
  publisher={Nature Publishing Group}
}

@article{chang2013genome,
  title={Genome editing with RNA-guided Cas9 nuclease in zebrafish embryos},
  author={Chang, Nannan and Sun, Changhong and Gao, Lu and Zhu, Dan and Xu, Xiufei and Zhu, Xiaojun and Xiong, Jing-Wei and Xi, Jianzhong Jeff},
  journal={Cell research},
  volume={23},
  number={4},
  pages={465--472},
  year={2013},
  publisher={Nature Publishing Group}
}

@article{hsu2014development,
  title={Development and applications of CRISPR-Cas9 for genome engineering},
  author={Hsu, Patrick D and Lander, Eric S and Zhang, Feng},
  journal={Cell},
  volume={157},
  number={6},
  pages={1262--1278},
  year={2014},
  publisher={Elsevier}
}

@article{kang2017addressing,
  title={Addressing challenges in the clinical applications associated with CRISPR/Cas9 technology and ethical questions to prevent its misuse},
  author={Kang, Xiang Jin and Caparas, Chiong Isabella Noelle and Soh, Boon Seng and Fan, Yong},
  journal={Protein \& cell},
  volume={8},
  number={11},
  pages={791--795},
  year={2017},
  publisher={Springer}
}

@article{liang2015crispr,
  title={CRISPR/Cas9-mediated gene editing in human tripronuclear zygotes},
  author={Liang, Puping and Xu, Yanwen and Zhang, Xiya and Ding, Chenhui and Huang, Rui and Zhang, Zhen and Lv, Jie and Xie, Xiaowei and Chen, Yuxi and Li, Yujing and others},
  journal={Protein \& cell},
  volume={6},
  number={5},
  pages={363--372},
  year={2015},
  publisher={Springer}
}

@article{ma2017correction,
  title={Correction of a pathogenic gene mutation in human embryos},
  author={Ma, Hong and Marti-Gutierrez, Nuria and Park, Sang-Wook and Wu, Jun and Lee, Yeonmi and Suzuki, Keiichiro and Koski, Amy and Ji, Dongmei and Hayama, Tomonari and Ahmed, Riffat and others},
  journal={Nature},
  volume={548},
  number={7668},
  pages={413--419},
  year={2017},
  publisher={Nature Publishing Group}
}

@article{liu2017crispr,
  title={CRISPR-P 2.0: an improved CRISPR-Cas9 tool for genome editing in plants},
  author={Liu, Hao and Ding, Yuduan and Zhou, Yanqing and Jin, Wenqi and Xie, Kabin and Chen, Ling-Ling},
  journal={Molecular plant},
  volume={10},
  number={3},
  pages={530--532},
  year={2017},
  publisher={Elsevier}
}

@article{tang2016single,
  title={A single transcript CRISPR-Cas9 system for efficient genome editing in plants},
  author={Tang, Xu and Zheng, Xuelian and Qi, Yiping and Zhang, Dengwei and Cheng, Yan and Tang, Aiting and Voytas, Daniel F and Zhang, Yong},
  journal={Molecular plant},
  volume={9},
  number={7},
  pages={1088--1091},
  year={2016},
  publisher={Elsevier}
}

@article{raitskin2016multi,
  title={Multi-gene engineering in plants with RNA-guided Cas9 nuclease},
  author={Raitskin, Oleg and Patron, Nicola J},
  journal={Current Opinion in Biotechnology},
  volume={37},
  pages={69--75},
  year={2016},
  publisher={Elsevier}
}

@article{zarei2019creating,
  title={Creating cell and animal models of human disease by genome editing using CRISPR/Cas9},
  author={Zarei, Ali and Razban, Vahid and Hosseini, Seyed Ebrahim and Tabei, Seyed Mohammad Bagher},
  journal={The journal of gene medicine},
  volume={21},
  number={4},
  pages={e3082},
  year={2019},
  publisher={Wiley Online Library}
}

@article{wang2013eradication,
  title={The eradication of breast cancer cells and stem cells by 8-hydroxyquinoline-loaded hyaluronan modified mesoporous silica nanoparticle-supported lipid bilayers containing docetaxel},
  author={Wang, Dong and Huang, Jingbin and Wang, Xinxia and Yu, Yuan and Zhang, He and Chen, Yan and Liu, Junjie and Sun, Zhiguo and Zou, Hao and Sun, Duxin and others},
  journal={Biomaterials},
  volume={34},
  number={31},
  pages={7662--7673},
  year={2013},
  publisher={Elsevier}
}

@article{barrangou2007crispr,
  title={CRISPR provides acquired resistance against viruses in prokaryotes},
  author={Barrangou, Rodolphe and Fremaux, Christophe and Deveau, H{\'e}l{\`e}ne and Richards, Melissa and Boyaval, Patrick and Moineau, Sylvain and Romero, Dennis A and Horvath, Philippe},
  journal={Science},
  volume={315},
  number={5819},
  pages={1709--1712},
  year={2007},
  publisher={American Association for the Advancement of Science}
}

@article{bak2018gene,
  title={Gene editing on center stage},
  author={Bak, Rasmus O and Gomez-Ospina, Natalia and Porteus, Matthew H},
  journal={Trends in Genetics},
  volume={34},
  number={8},
  pages={600--611},
  year={2018},
  publisher={Elsevier}
}

@article{shah2013protospacer,
  title={Protospacer recognition motifs: mixed identities and functional diversity},
  author={Shah, Shiraz A and Erdmann, Susanne and Mojica, Francisco JM and Garrett, Roger A},
  journal={RNA biology},
  volume={10},
  number={5},
  pages={891--899},
  year={2013},
  publisher={Taylor \& Francis}
}

@article{zhang2015off,
  title={Off-target effects in CRISPR/Cas9-mediated genome engineering},
  author={Zhang, Xiao-Hui and Tee, Louis Y and Wang, Xiao-Gang and Huang, Qun-Shan and Yang, Shi-Hua},
  journal={Molecular Therapy-Nucleic Acids},
  volume={4},
  pages={e264},
  year={2015},
  publisher={Elsevier}
}

@article{chen2017enhanced,
  title={Enhanced proofreading governs CRISPR--Cas9 targeting accuracy},
  author={Chen, Janice S and Dagdas, Yavuz S and Kleinstiver, Benjamin P and Welch, Moira M and Sousa, Alexander A and Harrington, Lucas B and Sternberg, Samuel H and Joung, J Keith and Yildiz, Ahmet and Doudna, Jennifer A},
  journal={Nature},
  volume={550},
  number={7676},
  pages={407--410},
  year={2017},
  publisher={Nature Publishing Group}
}

@article{kim2015digenome,
  title={Digenome-seq: genome-wide profiling of CRISPR-Cas9 off-target effects in human cells},
  author={Kim, Daesik and Bae, Sangsu and Park, Jeongbin and Kim, Eunji and Kim, Seokjoong and Yu, Hye Ryeong and Hwang, Jinha and Kim, Jong-Il and Kim, Jin-Soo},
  journal={Nature methods},
  volume={12},
  number={3},
  pages={237--243},
  year={2015},
  publisher={Nature Publishing Group}
}

@article{ran2013genome,
  title={Genome engineering using the CRISPR-Cas9 system},
  author={Ran, FAFA and Hsu, Patrick D and Wright, Jason and Agarwala, Vineeta and Scott, David A and Zhang, Feng},
  journal={Nature protocols},
  volume={8},
  number={11},
  pages={2281--2308},
  year={2013},
  publisher={Nature Publishing Group}
}

@article{stemmer2015cctop,
  title={CCTop: an intuitive, flexible and reliable CRISPR/Cas9 target prediction tool},
  author={Stemmer, Manuel and Thumberger, Thomas and del Sol Keyer, Maria and Wittbrodt, Joachim and Mateo, Juan L},
  journal={PloS one},
  volume={10},
  number={4},
  pages={e0124633},
  year={2015},
  publisher={Public Library of Science San Francisco, CA USA}
}

@article{hsu2013dna,
  title={DNA targeting specificity of RNA-guided Cas9 nucleases},
  author={Hsu, Patrick D and Scott, David A and Weinstein, Joshua A and Ran, F and Konermann, Silvana and Agarwala, Vineeta and Li, Yinqing and Fine, Eli J and Wu, Xuebing and Shalem, Ophir and others},
  journal={Nature biotechnology},
  volume={31},
  number={9},
  pages={827--832},
  year={2013},
  publisher={Nature Publishing Group}
}

@article{heigwer2014crisp,
  title={E-CRISP: fast CRISPR target site identification},
  author={Heigwer, Florian and Kerr, Grainne and Boutros, Michael},
  journal={Nature methods},
  volume={11},
  number={2},
  pages={122--123},
  year={2014},
  publisher={Nature Publishing Group}
}

@article{montague2014chopchop,
  title={CHOPCHOP: a CRISPR/Cas9 and TALEN web tool for genome editing},
  author={Montague, Tessa G and Cruz, Jos{\'e} M and Gagnon, James A and Church, George M and Valen, Eivind},
  journal={Nucleic acids research},
  volume={42},
  number={W1},
  pages={W401--W407},
  year={2014},
  publisher={Oxford University Press}
}

@article{naeem2020latest,
  title={Latest developed strategies to minimize the off-target effects in CRISPR-Cas-mediated genome editing},
  author={Naeem, Muhammad and Majeed, Saman and Hoque, Mubasher Zahir and Ahmad, Irshad},
  journal={Cells},
  volume={9},
  number={7},
  pages={1608},
  year={2020},
  publisher={MDPI}
}

@incollection{almutiri2022survey,
  title={A Survey of Machine Learning and Deep Learning Applications in Genome Editing},
  author={Almutiri, Talal and Saeed, Faisal and Alassaf, Manar},
  booktitle={Advances on Smart and Soft Computing},
  pages={145--162},
  year={2022},
  publisher={Springer}
}

@article{wilson2018current,
  title={The current state and future of CRISPR-Cas9 gRNA design tools},
  author={Wilson, Laurence OW and O’Brien, Aidan R and Bauer, Denis C},
  journal={Frontiers in pharmacology},
  volume={9},
  pages={749},
  year={2018},
  publisher={Frontiers Media SA}
}

@article{wang2020overview,
  title={An overview and metanalysis of machine and deep learning-based CRISPR gRNA design tools},
  author={Wang, Jun and Zhang, Xiuqing and Cheng, Lixin and Luo, Yonglun},
  journal={RNA biology},
  volume={17},
  number={1},
  pages={13--22},
  year={2020},
  publisher={Taylor \& Francis}
}

@article{newman2020cas9,
  title={Cas9 Cuts and Consequences; Detecting, Predicting, and Mitigating CRISPR/Cas9 On-and Off-Target Damage: Techniques for Detecting, Predicting, and Mitigating the On-and off-target Effects of Cas9 Editing},
  author={Newman, Anthony and Starrs, Lora and Burgio, Gaetan},
  journal={BioEssays},
  volume={42},
  number={9},
  pages={2000047},
  year={2020},
  publisher={Wiley Online Library}
}

@article{wang2014genetic,
  title={Genetic screens in human cells using the CRISPR-Cas9 system},
  author={Wang, Tim and Wei, Jenny J and Sabatini, David M and Lander, Eric S},
  journal={Science},
  volume={343},
  number={6166},
  pages={80--84},
  year={2014},
  publisher={American Association for the Advancement of Science}
}

@article{koike2014genome,
  title={Genome-wide recessive genetic screening in mammalian cells with a lentiviral CRISPR-guide RNA library},
  author={Koike-Yusa, Hiroko and Li, Yilong and Tan, E-Pien and Velasco-Herrera, Martin Del Castillo and Yusa, Kosuke and others},
  journal={Nature biotechnology},
  volume={32},
  number={3},
  pages={267--273},
  year={2014},
  publisher={Nature Publishing Group}
}

@article{doench2014rational,
  title={Rational design of highly active sgRNAs for CRISPR-Cas9--mediated gene inactivation},
  author={Doench, John G and Hartenian, Ella and Graham, Daniel B and Tothova, Zuzana and Hegde, Mudra and Smith, Ian and Sullender, Meagan and Ebert, Benjamin L and Xavier, Ramnik J and Root, David E},
  journal={Nature biotechnology},
  volume={32},
  number={12},
  pages={1262--1267},
  year={2014},
  publisher={Nature Publishing Group}
}

@article{doench2016optimized,
  title={Optimized sgRNA design to maximize activity and minimize off-target effects of CRISPR-Cas9},
  author={Doench, John G and Fusi, Nicolo and Sullender, Meagan and Hegde, Mudra and Vaimberg, Emma W and Donovan, Katherine F and Smith, Ian and Tothova, Zuzana and Wilen, Craig and Orchard, Robert and others},
  journal={Nature biotechnology},
  volume={34},
  number={2},
  pages={184--191},
  year={2016},
  publisher={Nature Publishing Group}
}

@article{tsai2015guide,
  title={GUIDE-seq enables genome-wide profiling of off-target cleavage by CRISPR-Cas nucleases},
  author={Tsai, Shengdar Q and Zheng, Zongli and Nguyen, Nhu T and Liebers, Matthew and Topkar, Ved V and Thapar, Vishal and Wyvekens, Nicolas and Khayter, Cyd and Iafrate, A John and Le, Long P and others},
  journal={Nature biotechnology},
  volume={33},
  number={2},
  pages={187--197},
  year={2015},
  publisher={Nature Publishing Group}
}

@article{abadi2017machine,
  title={A machine learning approach for predicting CRISPR-Cas9 cleavage efficiencies and patterns underlying its mechanism of action},
  author={Abadi, Shiran and Yan, Winston X and Amar, David and Mayrose, Itay},
  journal={PLoS computational biology},
  volume={13},
  number={10},
  pages={e1005807},
  year={2017},
  publisher={Public Library of Science San Francisco, CA USA}
}

@article{kleinstiver2016high,
  title={High-fidelity CRISPR--Cas9 nucleases with no detectable genome-wide off-target effects},
  author={Kleinstiver, Benjamin P and Pattanayak, Vikram and Prew, Michelle S and Tsai, Shengdar Q and Nguyen, Nhu T and Zheng, Zongli and Joung, J Keith},
  journal={Nature},
  volume={529},
  number={7587},
  pages={490--495},
  year={2016},
  publisher={Nature Publishing Group}
}

@article{frock2015genome,
  title={Genome-wide detection of DNA double-stranded breaks induced by engineered nucleases},
  author={Frock, Richard L and Hu, Jiazhi and Meyers, Robin M and Ho, Yu-Jui and Kii, Erina and Alt, Frederick W},
  journal={Nature biotechnology},
  volume={33},
  number={2},
  pages={179--186},
  year={2015},
  publisher={Nature Publishing Group}
}

@article{ran2015vivo,
  title={In vivo genome editing using Staphylococcus aureus Cas9},
  author={Ran, FACL and Cong, Le and Yan, Winston X and Scott, David A and Gootenberg, Jonathan S and Kriz, Andrea J and Zetsche, Bernd and Shalem, Ophir and Wu, Xuebing and Makarova, Kira S and others},
  journal={Nature},
  volume={520},
  number={7546},
  pages={186--191},
  year={2015},
  publisher={Nature Publishing Group}
}

@article{slaymaker2016rationally,
  title={Rationally engineered Cas9 nucleases with improved specificity},
  author={Slaymaker, Ian M and Gao, Linyi and Zetsche, Bernd and Scott, David A and Yan, Winston X and Zhang, Feng},
  journal={Science},
  volume={351},
  number={6268},
  pages={84--88},
  year={2016},
  publisher={American Association for the Advancement of Science}
}

@article{haeussler2016evaluation,
  title={Evaluation of off-target and on-target scoring algorithms and integration into the guide RNA selection tool CRISPOR},
  author={Haeussler, Maximilian and Sch{\"o}nig, Kai and Eckert, H{\'e}l{\`e}ne and Eschstruth, Alexis and Miann{\'e}, Joffrey and Renaud, Jean-Baptiste and Schneider-Maunoury, Sylvie and Shkumatava, Alena and Teboul, Lydia and Kent, Jim and others},
  journal={Genome biology},
  volume={17},
  number={1},
  pages={1--12},
  year={2016},
  publisher={BioMed Central}
}

@article{xu2015sequence,
  title={Sequence determinants of improved CRISPR sgRNA design},
  author={Xu, Han and Xiao, Tengfei and Chen, Chen-Hao and Li, Wei and Meyer, Clifford A and Wu, Qiu and Wu, Di and Cong, Le and Zhang, Feng and Liu, Jun S and others},
  journal={Genome research},
  volume={25},
  number={8},
  pages={1147--1157},
  year={2015},
  publisher={Cold Spring Harbor Lab}
}

@article{hart2015high,
  title={High-resolution CRISPR screens reveal fitness genes and genotype-specific cancer liabilities},
  author={Hart, Traver and Chandrashekhar, Megha and Aregger, Michael and Steinhart, Zachary and Brown, Kevin R and MacLeod, Graham and Mis, Monika and Zimmermann, Michal and Fradet-Turcotte, Amelie and Sun, Song and others},
  journal={Cell},
  volume={163},
  number={6},
  pages={1515--1526},
  year={2015},
  publisher={Elsevier}
}

@article{moreno2015crisprscan,
  title={CRISPRscan: designing highly efficient sgRNAs for CRISPR-Cas9 targeting in vivo},
  author={Moreno-Mateos, Miguel A and Vejnar, Charles E and Beaudoin, Jean-Denis and Fernandez, Juan P and Mis, Emily K and Khokha, Mustafa K and Giraldez, Antonio J},
  journal={Nature methods},
  volume={12},
  number={10},
  pages={982--988},
  year={2015},
  publisher={Nature Publishing Group}
}

@article{varshney2015high,
  title={High-throughput gene targeting and phenotyping in zebrafish using CRISPR/Cas9},
  author={Varshney, Gaurav K and Pei, Wuhong and LaFave, Matthew C and Idol, Jennifer and Xu, Lisha and Gallardo, Viviana and Carrington, Blake and Bishop, Kevin and Jones, MaryPat and Li, Mingyu and others},
  journal={Genome research},
  volume={25},
  number={7},
  pages={1030--1042},
  year={2015},
  publisher={Cold Spring Harbor Lab}
}

@article{gagnon2014efficient,
  title={Efficient mutagenesis by Cas9 protein-mediated oligonucleotide insertion and large-scale assessment of single-guide RNAs},
  author={Gagnon, James A and Valen, Eivind and Thyme, Summer B and Huang, Peng and Ahkmetova, Laila and Pauli, Andrea and Montague, Tessa G and Zimmerman, Steven and Richter, Constance and Schier, Alexander F},
  journal={PloS one},
  volume={9},
  number={5},
  pages={e98186},
  year={2014},
  publisher={Public Library of Science San Francisco, USA}
}

@article{ren2014enhanced,
  title={Enhanced specificity and efficiency of the CRISPR/Cas9 system with optimized sgRNA parameters in Drosophila},
  author={Ren, Xingjie and Yang, Zhihao and Xu, Jiang and Sun, Jin and Mao, Decai and Hu, Yanhui and Yang, Su-Juan and Qiao, Huan-Huan and Wang, Xia and Hu, Qun and others},
  journal={Cell reports},
  volume={9},
  number={3},
  pages={1151--1162},
  year={2014},
  publisher={Elsevier}
}

@article{chari2015unraveling,
  title={Unraveling CRISPR-Cas9 genome engineering parameters via a library-on-library approach},
  author={Chari, Raj and Mali, Prashant and Moosburner, Mark and Church, George M},
  journal={Nature methods},
  volume={12},
  number={9},
  pages={823--826},
  year={2015},
  publisher={Nature Publishing Group}
}

@article{gandhi2016rational,
  title={Rational design and whole-genome predictions of single guide RNAs for efficient CRISPR/Cas9-mediated genome editing in Ciona},
  author={Gandhi, Shashank and Christiaen, Lionel and Stolfi, Alberto},
  year={2016}
}

@article{farboud2015dramatic,
  title={Dramatic enhancement of genome editing by CRISPR/Cas9 through improved guide RNA design},
  author={Farboud, Behnom and Meyer, Barbara J},
  journal={Genetics},
  volume={199},
  number={4},
  pages={959--971},
  year={2015},
  publisher={Oxford University Press}
}

@article{munoz2016crispr,
  title={CRISPR Screens Provide a Comprehensive Assessment of Cancer Vulnerabilities but Generate False-Positive Hits for Highly Amplified Genomic RegionsCRISPR Screens for the Discovery of Cancer Vulnerabilities},
  author={Munoz, Diana M and Cassiani, Pamela J and Li, Li and Billy, Eric and Korn, Joshua M and Jones, Michael D and Golji, Javad and Ruddy, David A and Yu, Kristine and McAllister, Gregory and others},
  journal={Cancer discovery},
  volume={6},
  number={8},
  pages={900--913},
  year={2016},
  publisher={AACR}
}

@article{chen1optimizing,
  title={Optimizing Precision Genome Editing through Machine Learning},
  author={Chen, Shi-an Anderson and Tran, Elizabeth},
  journal={Forest (C= 0.01, l2)},
  volume={85},
  number={15.78},
  pages={1--39}
}

@article{lazzarotto2020change,
  title={CHANGE-seq reveals genetic and epigenetic effects on CRISPR--Cas9 genome-wide activity},
  author={Lazzarotto, Cicera R and Malinin, Nikolay L and Li, Yichao and Zhang, Ruochi and Yang, Yang and Lee, GaHyun and Cowley, Eleanor and He, Yanghua and Lan, Xin and Jividen, Kasey and others},
  journal={Nature biotechnology},
  volume={38},
  number={11},
  pages={1317--1327},
  year={2020},
  publisher={Nature Publishing Group}
}

@article{tsai2017circle,
  title={CIRCLE-seq: a highly sensitive in vitro screen for genome-wide CRISPR--Cas9 nuclease off-targets},
  author={Tsai, Shengdar Q and Nguyen, Nhu T and Malagon-Lopez, Jose and Topkar, Ved V and Aryee, Martin J and Joung, J Keith},
  journal={Nature methods},
  volume={14},
  number={6},
  pages={607--614},
  year={2017},
  publisher={Nature Publishing Group}
}

@article{cameron2017mapping,
  title={Mapping the genomic landscape of CRISPR--Cas9 cleavage},
  author={Cameron, Peter and Fuller, Chris K and Donohoue, Paul D and Jones, Brittnee N and Thompson, Matthew S and Carter, Matthew M and Gradia, Scott and Vidal, Bastien and Garner, Elizabeth and Slorach, Euan M and others},
  journal={Nature methods},
  volume={14},
  number={6},
  pages={600--606},
  year={2017},
  publisher={Nature Publishing Group}
}

@article{wang2019optimized,
  title={Optimized CRISPR guide RNA design for two high-fidelity Cas9 variants by deep learning},
  author={Wang, Daqi and Zhang, Chengdong and Wang, Bei and Li, Bin and Wang, Qiang and Liu, Dong and Wang, Hongyan and Zhou, Yan and Shi, Leming and Lan, Feng and others},
  journal={Nature communications},
  volume={10},
  number={1},
  pages={1--14},
  year={2019},
  publisher={Nature Publishing Group}
}

@article{chuai2018deepcrispr,
  title={DeepCRISPR: optimized CRISPR guide RNA design by deep learning},
  author={Chuai, Guohui and Ma, Hanhui and Yan, Jifang and Chen, Ming and Hong, Nanfang and Xue, Dongyu and Zhou, Chi and Zhu, Chenyu and Chen, Ke and Duan, Bin and others},
  journal={Genome biology},
  volume={19},
  number={1},
  pages={1--18},
  year={2018},
  publisher={Springer}
}

@article{rauscher2016genomecrispr,
  title={GenomeCRISPR-a database for high-throughput CRISPR/Cas9 screens},
  author={Rauscher, Benedikt and Heigwer, Florian and Breinig, Marco and Winter, Jan and Boutros, Michael},
  journal={Nucleic acids research},
  pages={gkw997},
  year={2016},
  publisher={Oxford University Press}
}

@article{xiang2021enhancing,
  title={Enhancing CRISPR-Cas9 gRNA efficiency prediction by data integration and deep learning},
  author={Xiang, Xi and Corsi, Giulia I and Anthon, Christian and Qu, Kunli and Pan, Xiaoguang and Liang, Xue and Han, Peng and Dong, Zhanying and Liu, Lijun and Zhong, Jiayan and others},
  journal={Nature communications},
  volume={12},
  number={1},
  pages={1--9},
  year={2021},
  publisher={Nature Publishing Group}
}

@article{mikolov2013distributed,
  title={Distributed representations of words and phrases and their compositionality},
  author={Mikolov, Tomas and Sutskever, Ilya and Chen, Kai and Corrado, Greg S and Dean, Jeff},
  journal={Advances in neural information processing systems},
  volume={26},
  year={2013}
}

@article{lin2018off,
  title={Off-target predictions in CRISPR-Cas9 gene editing using deep learning},
  author={Lin, Jiecong and Wong, Ka-Chun},
  journal={Bioinformatics},
  volume={34},
  number={17},
  pages={i656--i663},
  year={2018},
  publisher={Oxford University Press}
}

@article{charlier2021accurate,
  title={Accurate deep learning off-target prediction with novel sgRNA-DNA sequence encoding in CRISPR-Cas9 gene editing},
  author={Charlier, Jeremy and Nadon, Robert and Makarenkov, Vladimir},
  journal={Bioinformatics},
  volume={37},
  number={16},
  pages={2299--2307},
  year={2021},
  publisher={Oxford University Press}
}

@article{lin2020crispr,
  title={CRISPR-Net: A Recurrent Convolutional Network Quantifies CRISPR Off-Target Activities with Mismatches and Indels},
  author={Lin, Jiecong and Zhang, Zhaolei and Zhang, Shixiong and Chen, Junyi and Wong, Ka-Chun},
  journal={Advanced Science},
  volume={7},
  number={13},
  pages={1903562},
  year={2020},
  publisher={Wiley Online Library}
}

@article{zhang2022effective,
  title={Effective use of sequence information to predict CRISPR-Cas9 off-target},
  author={Zhang, Zhong-Rui and Jiang, Zhen-Ran},
  journal={Computational and structural biotechnology journal},
  volume={20},
  pages={650--661},
  year={2022},
  publisher={Elsevier}
}

@article{zhang2020dl,
  title={DL-CRISPR: a deep learning method for off-target activity prediction in CRISPR/Cas9 with data augmentation},
  author={Zhang, Yu and Long, Yahui and Yin, Rui and Kwoh, Chee Keong},
  journal={IEEE Access},
  volume={8},
  pages={76610--76617},
  year={2020},
  publisher={IEEE}
}

@article{zhang2021prediction,
  title={Prediction of CRISPR/Cas9 single guide RNA cleavage efficiency and specificity by attention-based convolutional neural networks},
  author={Zhang, Guishan and Zeng, Tian and Dai, Zhiming and Dai, Xianhua},
  journal={Computational and structural biotechnology journal},
  volume={19},
  pages={1445--1457},
  year={2021},
  publisher={Elsevier}
}

@online{chollet2015keras,
  title={Keras},
  author={Chollet, Francois and others},
  year={2015},
  publisher={GitHub},
  url={https://github.com/fchollet/keras},
} 

@article{liu2019prediction,
  title={Prediction of off-target specificity and cell-specific fitness of CRISPR-Cas System using attention boosted deep learning and network-based gene feature},
  author={Liu, Qiao and He, Di and Xie, Lei},
  journal={PLoS computational biology},
  volume={15},
  number={10},
  pages={e1007480},
  year={2019},
  publisher={Public Library of Science San Francisco, CA USA}
}

@article{liu2020deep,
  title={Deep learning improves the ability of sgRNA off-target propensity prediction},
  author={Liu, Qiaoyue and Cheng, Xiang and Liu, Gan and Li, Bohao and Liu, Xiuqin},
  journal={BMC bioinformatics},
  volume={21},
  number={1},
  pages={1--15},
  year={2020},
  publisher={BioMed Central}
}

@inproceedings{pennington2014glove,
  title={Glove: Global vectors for word representation},
  author={Pennington, Jeffrey and Socher, Richard and Manning, Christopher D},
  booktitle={Proceedings of the 2014 conference on empirical methods in natural language processing (EMNLP)},
  pages={1532--1543},
  year={2014}
}

@article{fusi2015silico,
  title={In silico predictive modeling of CRISPR/Cas9 guide efficiency},
  author={Fusi, Nicolo and Smith, Ian and Doench, John and Listgarten, Jennifer},
  journal={BioRxiv},
  pages={021568},
  year={2015},
  publisher={Cold Spring Harbor Laboratory}
}

@article{shen2018predictable,
  title={Predictable and precise template-free CRISPR editing of pathogenic variants},
  author={Shen, Max W and Arbab, Mandana and Hsu, Jonathan Y and Worstell, Daniel and Culbertson, Sannie J and Krabbe, Olga and Cassa, Christopher A and Liu, David R and Gifford, David K and Sherwood, Richard I},
  journal={Nature},
  volume={563},
  number={7733},
  pages={646--651},
  year={2018},
  publisher={Nature Publishing Group}
}

@article{leenay2019large,
  title={Large dataset enables prediction of repair after CRISPR--Cas9 editing in primary T cells},
  author={Leenay, Ryan T and Aghazadeh, Amirali and Hiatt, Joseph and Tse, David and Roth, Theodore L and Apathy, Ryan and Shifrut, Eric and Hultquist, Judd F and Krogan, Nevan and Wu, Zhenqin and others},
  journal={Nature biotechnology},
  volume={37},
  number={9},
  pages={1034--1037},
  year={2019},
  publisher={Nature Publishing Group}
}

@article{allen2019predicting,
  title={Predicting the mutations generated by repair of Cas9-induced double-strand breaks},
  author={Allen, Felicity and Crepaldi, Luca and Alsinet, Clara and Strong, Alexander J and Kleshchevnikov, Vitalii and De Angeli, Pietro and P{\'a}len{\'\i}kov{\'a}, Petra and Khodak, Anton and Kiselev, Vladimir and Kosicki, Michael and others},
  journal={Nature biotechnology},
  volume={37},
  number={1},
  pages={64--72},
  year={2019},
  publisher={Nature Publishing Group}
}

@article{peng2018recognition,
  title={Recognition of CRISPR/Cas9 off-target sites through ensemble learning of uneven mismatch distributions},
  author={Peng, Hui and Zheng, Yi and Zhao, Zhixun and Liu, Tao and Li, Jinyan},
  journal={Bioinformatics},
  volume={34},
  number={17},
  pages={i757--i765},
  year={2018},
  publisher={Oxford University Press}
}

@article{kim2016genome,
  title={Genome-wide target specificities of CRISPR-Cas9 nucleases revealed by multiplex Digenome-seq},
  author={Kim, Daesik and Kim, Sojung and Kim, Sunghyun and Park, Jeongbin and Kim, Jin-Soo},
  journal={Genome research},
  volume={26},
  number={3},
  pages={406--415},
  year={2016},
  publisher={Cold Spring Harbor Lab}
}

@article{zhang2019synergizing,
  title={Synergizing CRISPR/Cas9 off-target predictions for ensemble insights and practical applications},
  author={Zhang, Shixiong and Li, Xiangtao and Lin, Qiuzhen and Wong, Ka-Chun},
  journal={Bioinformatics},
  volume={35},
  number={7},
  pages={1108--1115},
  year={2019},
  publisher={Oxford University Press}
}

@article{singh2015cas9,
  title={Cas9-chromatin binding information enables more accurate CRISPR off-target prediction},
  author={Singh, Ritambhara and Kuscu, Cem and Quinlan, Aaron and Qi, Yanjun and Adli, Mazhar},
  journal={Nucleic acids research},
  volume={43},
  number={18},
  pages={e118--e118},
  year={2015},
  publisher={Oxford University Press}
}

@inproceedings{freund1996experiments,
  title={Experiments with a new boosting algorithm},
  author={Freund, Yoav and Schapire, Robert E and others},
  booktitle={icml},
  volume={96},
  pages={148--156},
  year={1996},
  organization={Citeseer}
}

@article{breiman2001random,
  title={Random forests},
  author={Breiman, Leo},
  journal={Machine learning},
  volume={45},
  number={1},
  pages={5--32},
  year={2001},
  publisher={Springer}
}

@book{bishop1995neural,
  title={Neural networks for pattern recognition},
  author={Bishop, Christopher M and others},
  year={1995},
  publisher={Oxford university press}
}

@article{burges1998tutorial,
  title={A tutorial on support vector machines for pattern recognition},
  author={Burges, Christopher JC},
  journal={Data mining and knowledge discovery},
  volume={2},
  number={2},
  pages={121--167},
  year={1998},
  publisher={Springer}
}

@article{quinlan1987simplifying,
  title={Simplifying decision trees},
  author={Quinlan, J. Ross},
  journal={International journal of man-machine studies},
  volume={27},
  number={3},
  pages={221--234},
  year={1987},
  publisher={Elsevier}
}

@article{rahman2017crisprpred,
  title={CRISPRpred: a flexible and efficient tool for sgRNAs on-target activity prediction in CRISPR/Cas9 systems},
  author={Rahman, Md Khaledur and Rahman, M Sohel},
  journal={PloS one},
  volume={12},
  number={8},
  pages={e0181943},
  year={2017},
  publisher={Public Library of Science San Francisco, CA USA}
}

@article{muhammad2020crisprpred,
  title={CRISPRpred (SEQ): a sequence-based method for sgRNA on target activity prediction using traditional machine learning},
  author={Muhammad Rafid, Ali Haisam and Toufikuzzaman, Md and Rahman, Mohammad Saifur and Rahman, M Sohel},
  journal={BMC bioinformatics},
  volume={21},
  number={1},
  pages={1--13},
  year={2020},
  publisher={Springer}
}

@article{wang2020gnl,
  title={GNL-Scorer: a generalized model for predicting CRISPR on-target activity by machine learning and featurization},
  author={Wang, Jun and Xiang, Xi and Bolund, Lars and Zhang, Xiuqing and Cheng, Lixin and Luo, Yonglun},
  journal={Journal of molecular cell biology},
  volume={12},
  number={11},
  pages={909--911},
  year={2020},
  publisher={Oxford University Press}
}

@article{liu2020seqcor,
  title={SeqCor: correct the effect of guide RNA sequences in clustered regularly interspaced short palindromic repeats/Cas9 screening by machine learning algorithm},
  author={Liu, Xiaojian and Yang, Yuanyuan and Qiu, Yan and Ding, Qiurong and Wang, Yi and others},
  journal={Journal of Genetics and Genomics},
  volume={47},
  number={11},
  pages={672--680},
  year={2020},
  publisher={Elsevier}
}

@article{shalem2014genome,
  title={Genome-scale CRISPR-Cas9 knockout screening in human cells},
  author={Shalem, Ophir and Sanjana, Neville E and Hartenian, Ella and Shi, Xi and Scott, David A and Mikkelsen, Tarjei S and Heckl, Dirk and Ebert, Benjamin L and Root, David E and Doench, John G and others},
  journal={Science},
  volume={343},
  number={6166},
  pages={84--87},
  year={2014},
  publisher={American Association for the Advancement of Science}
}

@article{zhou2014high,
  title={High-throughput screening of a CRISPR/Cas9 library for functional genomics in human cells},
  author={Zhou, Yuexin and Zhu, Shiyou and Cai, Changzu and Yuan, Pengfei and Li, Chunmei and Huang, Yanyi and Wei, Wensheng},
  journal={Nature},
  volume={509},
  number={7501},
  pages={487--491},
  year={2014},
  publisher={Nature Publishing Group}
}

@article{gilbert2014genome,
  title={Genome-scale CRISPR-mediated control of gene repression and activation},
  author={Gilbert, Luke A and Horlbeck, Max A and Adamson, Britt and Villalta, Jacqueline E and Chen, Yuwen and Whitehead, Evan H and Guimaraes, Carla and Panning, Barbara and Ploegh, Hidde L and Bassik, Michael C and others},
  journal={Cell},
  volume={159},
  number={3},
  pages={647--661},
  year={2014},
  publisher={Elsevier}
}

@article{konermann2015genome,
  title={Genome-scale transcriptional activation by an engineered CRISPR-Cas9 complex},
  author={Konermann, Silvana and Brigham, Mark D and Trevino, Alexandro E and Joung, Julia and Abudayyeh, Omar O and Barcena, Clea and Hsu, Patrick D and Habib, Naomi and Gootenberg, Jonathan S and Nishimasu, Hiroshi and others},
  journal={Nature},
  volume={517},
  number={7536},
  pages={583--588},
  year={2015},
  publisher={Nature Publishing Group}
}

@article{bae2014cas,
  title={Cas-OFFinder: a fast and versatile algorithm that searches for potential off-target sites of Cas9 RNA-guided endonucleases},
  author={Bae, Sangsu and Park, Jeongbin and Kim, Jin-Soo},
  journal={Bioinformatics},
  volume={30},
  number={10},
  pages={1473--1475},
  year={2014},
  publisher={Oxford University Press}
}

@article{schoonenberg2018crispro,
  title={CRISPRO: identification of functional protein coding sequences based on genome editing dense mutagenesis},
  author={Schoonenberg, Vivien AC and Cole, Mitchel A and Yao, Qiuming and Macias-Trevi{\~n}o, Claudio and Sher, Falak and Schupp, Patrick G and Canver, Matthew C and Maeda, Takahiro and Pinello, Luca and Bauer, Daniel E},
  journal={Genome biology},
  volume={19},
  number={1},
  pages={1--19},
  year={2018},
  publisher={Springer}
}

@article{donovan2017creation,
  title={Creation of novel protein variants with CRISPR/Cas9-mediated mutagenesis: turning a screening by-product into a discovery tool},
  author={Donovan, Katherine F and Hegde, Mudra and Sullender, Meagan and Vaimberg, Emma W and Johannessen, Cory M and Root, David E and Doench, John G},
  journal={PloS one},
  volume={12},
  number={1},
  pages={e0170445},
  year={2017},
  publisher={Public Library of Science San Francisco, CA USA}
}

@article{brenan2016phenotypic,
  title={Phenotypic characterization of a comprehensive set of MAPK1/ERK2 missense mutants},
  author={Brenan, Lisa and Andreev, Aleksandr and Cohen, Ofir and Pantel, Sasha and Kamburov, Atanas and Cacchiarelli, Davide and Persky, Nicole S and Zhu, Cong and Bagul, Mukta and Goetz, Eva M and others},
  journal={Cell reports},
  volume={17},
  number={4},
  pages={1171--1183},
  year={2016},
  publisher={Elsevier}
}

@article{listgarten2018prediction,
  title={Prediction of off-target activities for the end-to-end design of CRISPR guide RNAs},
  author={Listgarten, Jennifer and Weinstein, Michael and Kleinstiver, Benjamin P and Sousa, Alexander A and Joung, J Keith and Crawford, Jake and Gao, Kevin and Hoang, Luong and Elibol, Melih and Doench, John G and others},
  journal={Nature biomedical engineering},
  volume={2},
  number={1},
  pages={38--47},
  year={2018},
  publisher={Nature Publishing Group}
}

@article{ramirez2014deeptools,
  title={deepTools: a flexible platform for exploring deep-sequencing data},
  author={Ram{\'\i}rez, Fidel and D{\"u}ndar, Friederike and Diehl, Sarah and Gr{\"u}ning, Bj{\"o}rn A and Manke, Thomas},
  journal={Nucleic acids research},
  volume={42},
  number={W1},
  pages={W187--W191},
  year={2014},
  publisher={Oxford University Press}
}

@article{he2021guidepro,
  title={GuidePro: a multi-source ensemble predictor for prioritizing sgRNAs in CRISPR/Cas9 protein knockouts},
  author={He, Wei and Wang, Helen and Wei, Yanjun and Jiang, Zhiyun and Tang, Yitao and Chen, Yiwen and Xu, Han},
  journal={Bioinformatics},
  volume={37},
  number={1},
  pages={134--136},
  year={2021},
  publisher={Oxford Academic}
}

@article{aguirre2016genomic,
  title={Genomic Copy Number Dictates a Gene-Independent Cell Response to CRISPR/Cas9 TargetingGenomic Copy Number Affects CRISPR/Cas9 Screens},
  author={Aguirre, Andrew J and Meyers, Robin M and Weir, Barbara A and Vazquez, Francisca and Zhang, Cheng-Zhong and Ben-David, Uri and Cook, April and Ha, Gavin and Harrington, William F and Doshi, Mihir B and others},
  journal={Cancer discovery},
  volume={6},
  number={8},
  pages={914--929},
  year={2016},
  publisher={AACR}
}

@article{evers2016crispr,
  title={CRISPR knockout screening outperforms shRNA and CRISPRi in identifying essential genes},
  author={Evers, Bastiaan and Jastrzebski, Katarzyna and Heijmans, Jeroen PM and Grernrum, Wipawadee and Beijersbergen, Roderick L and Bernards, Rene},
  journal={Nature biotechnology},
  volume={34},
  number={6},
  pages={631--633},
  year={2016},
  publisher={Nature Publishing Group}
}

@article{bertomeu2018high,
  title={A high-resolution genome-wide CRISPR/Cas9 viability screen reveals structural features and contextual diversity of the human cell-essential proteome},
  author={Bertomeu, Thierry and Coulombe-Huntington, Jasmin and Chatr-Aryamontri, Andrew and Bourdages, Karine G and Coyaud, Etienne and Raught, Brian and Xia, Yu and Tyers, Mike},
  journal={Molecular and cellular biology},
  volume={38},
  number={1},
  pages={e00302--17},
  year={2018},
  publisher={Am Soc Microbiol}
}

@article{chen2019massively,
  title={Massively parallel profiling and predictive modeling of the outcomes of CRISPR/Cas9-mediated double-strand break repair},
  author={Chen, Wei and McKenna, Aaron and Schreiber, Jacob and Haeussler, Maximilian and Yin, Yi and Agarwal, Vikram and Noble, William Stafford and Shendure, Jay},
  journal={Nucleic acids research},
  volume={47},
  number={15},
  pages={7989--8003},
  year={2019},
  publisher={Oxford University Press}
}

@article{dhanjal2020evaluation,
  title={Evaluation of off-targets predicted by sgRNA design tools},
  author={Dhanjal, Jaspreet Kaur and Dammalapati, Samvit and Pal, Shreya and Sundar, Durai},
  journal={Genomics},
  volume={112},
  number={5},
  pages={3609--3614},
  year={2020},
  publisher={Elsevier}
}

@article{dhanjal2019crispcut,
  title={CRISPcut: a novel tool for designing optimal sgRNAs for CRISPR/Cas9 based experiments in human cells},
  author={Dhanjal, Jaspreet Kaur and Radhakrishnan, Navaneethan and Sundar, Durai},
  journal={Genomics},
  volume={111},
  number={4},
  pages={560--566},
  year={2019},
  publisher={Elsevier}
}

@article{trivedi2020crispr2vec,
  title={Crispr2vec: Machine Learning Model Predicts Off-Target Cuts of CRISPR systems},
  author={Trivedi, Tara Basu and Boger, Ron and Kamath, Govinda M and Evangelopoulos, Georgios and Cate, Jamie and Doudna, Jennifer and Hidary, Jack},
  journal={bioRxiv},
  year={2020},
  publisher={Cold Spring Harbor Laboratory}
}

@article{hiranniramol2020generalizable,
  title={Generalizable sgRNA design for improved CRISPR/Cas9 editing efficiency},
  author={Hiranniramol, Kasidet and Chen, Yuhao and Liu, Weijun and Wang, Xiaowei},
  journal={Bioinformatics},
  volume={36},
  number={9},
  pages={2684--2689},
  year={2020},
  publisher={Oxford University Press}
}

@article{hofacker2003vienna,
  title={Vienna RNA secondary structure server},
  author={Hofacker, Ivo L},
  journal={Nucleic acids research},
  volume={31},
  number={13},
  pages={3429--3431},
  year={2003},
  publisher={Oxford University Press}
}

@misc{heaton2018ian,
  title={Ian goodfellow, yoshua bengio, and aaron courville: Deep learning},
  author={Heaton, Jeff},
  year={2018},
  publisher={Springer}
}

@article{lecun1998gradient,
  title={Gradient-based learning applied to document recognition},
  author={LeCun, Yann and Bottou, L{\'e}on and Bengio, Yoshua and Haffner, Patrick},
  journal={Proceedings of the IEEE},
  volume={86},
  number={11},
  pages={2278--2324},
  year={1998},
  publisher={Ieee}
}

@article{hochreiter1997long,
  title={Long short-term memory},
  author={Hochreiter, Sepp and Schmidhuber, J{\"u}rgen},
  journal={Neural computation},
  volume={9},
  number={8},
  pages={1735--1780},
  year={1997},
  publisher={MIT Press}
}

@article{gers2000learning,
  title={Learning to forget: Continual prediction with LSTM},
  author={Gers, Felix A and Schmidhuber, J{\"u}rgen and Cummins, Fred},
  journal={Neural computation},
  volume={12},
  number={10},
  pages={2451--2471},
  year={2000},
  publisher={MIT Press}
}

@article{chung2014empirical,
  title={Empirical evaluation of gated recurrent neural networks on sequence modeling},
  author={Chung, Junyoung and Gulcehre, Caglar and Cho, KyungHyun and Bengio, Yoshua},
  journal={arXiv preprint arXiv:1412.3555},
  year={2014}
}

@article{xu2015empirical,
  title={Empirical evaluation of rectified activations in convolutional network},
  author={Xu, Bing and Wang, Naiyan and Chen, Tianqi and Li, Mu},
  journal={arXiv preprint arXiv:1505.00853},
  year={2015}
}

@inproceedings{ying2019overview,
  title={An overview of overfitting and its solutions},
  author={Ying, Xue},
  booktitle={Journal of physics: Conference series},
  volume={1168},
  number={2},
  pages={022022},
  year={2019},
  organization={IOP Publishing}
}

@article{xue2018prediction,
  title={Prediction of CRISPR sgRNA activity using a deep convolutional neural network},
  author={Xue, Li and Tang, Bin and Chen, Wei and Luo, Jiesi},
  journal={Journal of chemical information and modeling},
  volume={59},
  number={1},
  pages={615--624},
  year={2018},
  publisher={ACS Publications}
}

@article{stortz2021picrispr,
  title={piCRISPR: Physically Informed Features Improve Deep Learning Models for CRISPR/Cas9 Off-Target Cleavage Prediction},
  author={St{\"o}rtz, Florian and Mak, Jeffrey and Minary, Peter},
  journal={bioRxiv},
  year={2021},
  publisher={Cold Spring Harbor Laboratory}
}

@article{niu2021r,
  title={R-CRISPR: A Deep Learning Network to Predict Off-Target Activities with Mismatch, Insertion and Deletion in CRISPR-Cas9 System},
  author={Niu, Rui and Peng, Jiajie and Zhang, Zhipeng and Shang, Xuequn},
  journal={Genes},
  volume={12},
  number={12},
  pages={1878},
  year={2021},
  publisher={MDPI}
}

@inproceedings{ding2021repvgg,
  title={Repvgg: Making vgg-style convnets great again},
  author={Ding, Xiaohan and Zhang, Xiangyu and Ma, Ningning and Han, Jungong and Ding, Guiguang and Sun, Jian},
  booktitle={Proceedings of the IEEE/CVF Conference on Computer Vision and Pattern Recognition},
  pages={13733--13742},
  year={2021}
}

@article{shrawgi2019convolution,
  title={Convolution neural network model for predicting single guide RNA efficiency in CRISPR/Cas9 system},
  author={Shrawgi, Hari and Sisodia, Dilip Singh},
  journal={Chemometrics and Intelligent Laboratory Systems},
  volume={189},
  pages={149--154},
  year={2019},
  publisher={Elsevier}
}

@article{vaswani2017attention,
  title={Attention is all you need},
  author={Vaswani, Ashish and Shazeer, Noam and Parmar, Niki and Uszkoreit, Jakob and Jones, Llion and Gomez, Aidan N and Kaiser, {\L}ukasz and Polosukhin, Illia},
  journal={Advances in neural information processing systems},
  volume={30},
  year={2017}
}

@article{xiao2021attcrispr,
  title={AttCRISPR: a spacetime interpretable model for prediction of sgRNA on-target activity},
  author={Xiao, Li-Ming and Wan, Yun-Qi and Jiang, Zhen-Ran},
  journal={BMC bioinformatics},
  volume={22},
  number={1},
  pages={1--17},
  year={2021},
  publisher={Springer}
}

@article{liu2018identifying,
  title={Identifying Context-specific Network Features for CRISPR-Cas9 Targeting Efficiency Using Accurate and Interpretable Deep Neural Network},
  author={Liu, Qiao and He, Di and Xie, Lei},
  journal={bioRxiv},
  pages={505602},
  year={2018},
  publisher={Cold Spring Harbor Laboratory}
}

@article{kim2018deep,
  title={Deep learning improves prediction of CRISPR--Cpf1 guide RNA activity},
  author={Kim, Hui Kwon and Min, Seonwoo and Song, Myungjae and Jung, Soobin and Choi, Jae Woo and Kim, Younggwang and Lee, Sangeun and Yoon, Sungroh and Kim, Hyongbum Henry},
  journal={Nature biotechnology},
  volume={36},
  number={3},
  pages={239--241},
  year={2018},
  publisher={Nature Publishing Group}
}

@article{dimauro2019crisprlearner,
  title={CRISPRLearner: A deep learning-based system to predict CRISPR/Cas9 sgRNA on-target cleavage efficiency},
  author={Dimauro, Giovanni and Colagrande, Pierpasquale and Carlucci, Roberto and Ventura, Mario and Bevilacqua, Vitoantonio and Caivano, Danilo},
  journal={Electronics},
  volume={8},
  number={12},
  pages={1478},
  year={2019},
  publisher={MDPI}
}

@article{wang2019prediction,
  title={Prediction of sgRNA on-target activity in bacteria by deep learning},
  author={Wang, Lei and Zhang, Juhua},
  journal={BMC bioinformatics},
  volume={20},
  number={1},
  pages={1--14},
  year={2019},
  publisher={BioMed Central}
}

@article{guo2018improved,
  title={Improved sgRNA design in bacteria via genome-wide activity profiling},
  author={Guo, Jiahui and Wang, Tianmin and Guan, Changge and Liu, Bing and Luo, Cheng and Xie, Zhen and Zhang, Chong and Xing, Xin-Hui},
  journal={Nucleic acids research},
  volume={46},
  number={14},
  pages={7052--7069},
  year={2018},
  publisher={Oxford University Press}
}

@inproceedings{aktas2019crispr,
  title={CRISPR/CAS9 Target Prediction with Deep Learning},
  author={Aktas, {\"O}zlem and Dogan, Elif and Ensari, Tolga},
  booktitle={2019 Scientific Meeting on Electrical-Electronics \& Biomedical Engineering and Computer Science (EBBT)},
  pages={1--5},
  year={2019},
  organization={IEEE}
}

@article{zhang2020novel,
  title={A novel hybrid CNN-SVR for CRISPR/Cas9 guide RNA activity prediction},
  author={Zhang, Guishan and Dai, Zhiming and Dai, Xianhua},
  journal={Frontiers in genetics},
  volume={10},
  pages={1303},
  year={2020},
  publisher={Frontiers Media SA}
}

@inproceedings{chen2020predicting,
  title={Predicting CRISPR-Cas9 Off-target with Self-supervised Neural Networks},
  author={Chen, Dong and Shu, Wenjie and Peng, Shaoliang},
  booktitle={2020 IEEE International Conference on Bioinformatics and Biomedicine (BIBM)},
  pages={245--250},
  year={2020},
  organization={IEEE}
}

@article{zhang2020c,
  title={C-RNNCrispr: Prediction of CRISPR/Cas9 sgRNA activity using convolutional and recurrent neural networks},
  author={Zhang, Guishan and Dai, Zhiming and Dai, Xianhua},
  journal={Computational and structural biotechnology journal},
  volume={18},
  pages={344--354},
  year={2020},
  publisher={Elsevier}
}

@article{lee2018directed,
  title={Directed evolution of CRISPR-Cas9 to increase its specificity},
  author={Lee, Jungjoon K and Jeong, Euihwan and Lee, Joonsun and Jung, Minhee and Shin, Eunji and Kim, Young-hoon and Lee, Kangin and Jung, Inyoung and Kim, Daesik and Kim, Seokjoong and others},
  journal={Nature communications},
  volume={9},
  number={1},
  pages={1--10},
  year={2018},
  publisher={Nature Publishing Group}
}

@article{nishimasu2018engineered,
  title={Engineered CRISPR-Cas9 nuclease with expanded targeting space},
  author={Nishimasu, Hiroshi and Shi, Xi and Ishiguro, Soh and Gao, Linyi and Hirano, Seiichi and Okazaki, Sae and Noda, Taichi and Abudayyeh, Omar O and Gootenberg, Jonathan S and Mori, Hideto and others},
  journal={Science},
  volume={361},
  number={6408},
  pages={1259--1262},
  year={2018},
  publisher={American Association for the Advancement of Science}
}

@article{hu2018evolved,
  title={Evolved Cas9 variants with broad PAM compatibility and high DNA specificity},
  author={Hu, Johnny H and Miller, Shannon M and Geurts, Maarten H and Tang, Weixin and Chen, Liwei and Sun, Ning and Zeina, Christina M and Gao, Xue and Rees, Holly A and Lin, Zhi and others},
  journal={Nature},
  volume={556},
  number={7699},
  pages={57--63},
  year={2018},
  publisher={Nature Publishing Group}
}

@article{stortz2021crisprsql,
  title={crisprSQL: a novel database platform for CRISPR/Cas off-target cleavage assays},
  author={St{\"o}rtz, Florian and Minary, Peter},
  journal={Nucleic Acids Research},
  volume={49},
  number={D1},
  pages={D855--D861},
  year={2021},
  publisher={Oxford University Press}
}

@article{kim2020prediction,
  title={Prediction of the sequence-specific cleavage activity of Cas9 variants},
  author={Kim, Nahye and Kim, Hui Kwon and Lee, Sungtae and Seo, Jung Hwa and Choi, Jae Woo and Park, Jinman and Min, Seonwoo and Yoon, Sungroh and Cho, Sung-Rae and Kim, Hyongbum Henry},
  journal={Nature Biotechnology},
  volume={38},
  number={11},
  pages={1328--1336},
  year={2020},
  publisher={Nature Publishing Group}
}

@article{kim2019spcas9,
  title={SpCas9 activity prediction by DeepSpCas9, a deep learning--based model with high generalization performance},
  author={Kim, Hui Kwon and Kim, Younggwang and Lee, Sungtae and Min, Seonwoo and Bae, Jung Yoon and Choi, Jae Woo and Park, Jinman and Jung, Dongmin and Yoon, Sungroh and Kim, Hyongbum Henry},
  journal={Science advances},
  volume={5},
  number={11},
  pages={eaax9249},
  year={2019},
  publisher={American Association for the Advancement of Science}
}

@article{li2021croton,
  title={CROTON: an automated and variant-aware deep learning framework for predicting CRISPR/Cas9 editing outcomes},
  author={Li, Victoria R and Zhang, Zijun and Troyanskaya, Olga G},
  journal={Bioinformatics},
  volume={37},
  number={Supplement\_1},
  pages={i342--i348},
  year={2021},
  publisher={Oxford University Press}
}

@article{vinodkumar2021prediction,
  title={Prediction of sgRNA Off-Target Activity in CRISPR/Cas9 Gene Editing Using Graph Convolution Network},
  author={Vinodkumar, Prasoon Kumar and Ozcinar, Cagri and Anbarjafari, Gholamreza},
  journal={Entropy},
  volume={23},
  number={5},
  pages={608},
  year={2021},
  publisher={Multidisciplinary Digital Publishing Institute}
}

@article{chen2022gcsanet,
  title={GCSANet: A global context spatial attention deep learning network for remote sensing scene classification},
  author={Chen, Weitao and Ouyang, Shubing and Tong, Wei and Li, Xianju and Zheng, Xiongwei and Wang, Lizhe},
  journal={IEEE Journal of Selected Topics in Applied Earth Observations and Remote Sensing},
  volume={15},
  pages={1150--1162},
  year={2022},
  publisher={IEEE}
}

@article{shen2022attention,
  title={Attention-guided deep learning for gestational age prediction using fetal brain MRI},
  author={Shen, Liyue and Zheng, Jimmy and Lee, Edward H and Shpanskaya, Katie and McKenna, Emily S and Atluri, Mahesh G and Plasto, Dinko and Mitchell, Courtney and Lai, Lillian M and Guimaraes, Carolina V and others},
  journal={Scientific reports},
  volume={12},
  number={1},
  pages={1--10},
  year={2022},
  publisher={Nature Publishing Group}
}

@article{de2022attention,
  title={Attention, please! A survey of neural attention models in deep learning},
  author={de Santana Correia, Alana and Colombini, Esther Luna},
  journal={Artificial Intelligence Review},
  pages={1--88},
  year={2022},
  publisher={Springer}
}

@article{basiri2021abcdm,
  title={ABCDM: An attention-based bidirectional CNN-RNN deep model for sentiment analysis},
  author={Basiri, Mohammad Ehsan and Nemati, Shahla and Abdar, Moloud and Cambria, Erik and Acharya, U Rajendra},
  journal={Future Generation Computer Systems},
  volume={115},
  pages={279--294},
  year={2021},
  publisher={Elsevier}
}

@article{cho2020basic,
  title={Basic enhancement strategies when using Bayesian optimization for hyperparameter tuning of deep neural networks},
  author={Cho, Hyunghun and Kim, Yongjin and Lee, Eunjung and Choi, Daeyoung and Lee, Yongjae and Rhee, Wonjong},
  journal={IEEE Access},
  volume={8},
  pages={52588--52608},
  year={2020},
  publisher={IEEE}
}

@inproceedings{wu2020practical,
  title={Practical multi-fidelity Bayesian optimization for hyperparameter tuning},
  author={Wu, Jian and Toscano-Palmerin, Saul and Frazier, Peter I and Wilson, Andrew Gordon},
  booktitle={Uncertainty in Artificial Intelligence},
  pages={788--798},
  year={2020},
  organization={PMLR}
}

@inproceedings{ribeiro2016should,
  title={" Why should i trust you?" Explaining the predictions of any classifier},
  author={Ribeiro, Marco Tulio and Singh, Sameer and Guestrin, Carlos},
  booktitle={Proceedings of the 22nd ACM SIGKDD international conference on knowledge discovery and data mining},
  pages={1135--1144},
  year={2016}
}

@article{miller2019explanation,
  title={Explanation in artificial intelligence: Insights from the social sciences},
  author={Miller, Tim},
  journal={Artificial intelligence},
  volume={267},
  pages={1--38},
  year={2019},
  publisher={Elsevier}
}

@article{chou2022counterfactuals,
  title={Counterfactuals and causability in explainable artificial intelligence: Theory, algorithms, and applications},
  author={Chou, Yu-Liang and Moreira, Catarina and Bruza, Peter and Ouyang, Chun and Jorge, Joaquim},
  journal={Information Fusion},
  volume={81},
  pages={59--83},
  year={2022},
  publisher={Elsevier}
}

@article{vilone2021notions,
  title={Notions of explainability and evaluation approaches for explainable artificial intelligence},
  author={Vilone, Giulia and Longo, Luca},
  journal={Information Fusion},
  volume={76},
  pages={89--106},
  year={2021},
  publisher={Elsevier}
}

@article{abdar2021review,
  title={A review of uncertainty quantification in deep learning: Techniques, applications and challenges},
  author={Abdar, Moloud and Pourpanah, Farhad and Hussain, Sadiq and Rezazadegan, Dana and Liu, Li and Ghavamzadeh, Mohammad and Fieguth, Paul and Cao, Xiaochun and Khosravi, Abbas and Acharya, U Rajendra and others},
  journal={Information Fusion},
  volume={76},
  pages={243--297},
  year={2021},
  publisher={Elsevier}
}

@article{abdar2021uncertainty,
  title={Uncertainty quantification in skin cancer classification using three-way decision-based Bayesian deep learning},
  author={Abdar, Moloud and Samami, Maryam and Mahmoodabad, Sajjad Dehghani and Doan, Thang and Mazoure, Bogdan and Hashemifesharaki, Reza and Liu, Li and Khosravi, Abbas and Acharya, U Rajendra and Makarenkov, Vladimir and others},
  journal={Computers in biology and medicine},
  volume={135},
  pages={104418},
  year={2021},
  publisher={Elsevier}
}

@article{abdar2023uncertaintyfusenet,
  title={UncertaintyFuseNet: robust uncertainty-aware hierarchical feature fusion model with ensemble Monte Carlo dropout for COVID-19 detection},
  author={Abdar, Moloud and Salari, Soorena and Qahremani, Sina and Lam, Hak-Keung and Karray, Fakhri and Hussain, Sadiq and Khosravi, Abbas and Acharya, U Rajendra and Makarenkov, Vladimir and Nahavandi, Saeid},
  journal={Information Fusion},
  volume={90},
  pages={364--381},
  year={2023},
  publisher={Elsevier}
}

@article{hoffmann2021uncertainty,
  title={Uncertainty quantification by ensemble learning for computational optical form measurements},
  author={Hoffmann, Lara and Fortmeier, Ines and Elster, Clemens},
  journal={Machine Learning: Science and Technology},
  volume={2},
  number={3},
  pages={035030},
  year={2021},
  publisher={IOP Publishing}
}

@article{mazoure2022dunescan,
  title={DUNEScan: a web server for uncertainty estimation in skin cancer detection with deep neural networks},
  author={Mazoure, Bogdan and Mazoure, Alexander and B{\'e}dard, Jocelyn and Makarenkov, Vladimir},
  journal={Scientific Reports},
  volume={12},
  number={1},
  pages={1--10},
  year={2022},
  publisher={Nature Publishing Group}
}

@article{gordon2018meta,
  title={Meta-learning probabilistic inference for prediction},
  author={Gordon, Jonathan and Bronskill, John and Bauer, Matthias and Nowozin, Sebastian and Turner, Richard E},
  journal={arXiv preprint arXiv:1805.09921},
  year={2018}
}

@article{lee2019learning,
  title={Learning to balance: Bayesian meta-learning for imbalanced and out-of-distribution tasks},
  author={Lee, Hae Beom and Lee, Hayeon and Na, Donghyun and Kim, Saehoon and Park, Minseop and Yang, Eunho and Hwang, Sung Ju},
  journal={arXiv preprint arXiv:1905.12917},
  year={2019}
}

@inproceedings{nguyen2020uncertainty,
  title={Uncertainty in model-agnostic meta-learning using variational inference},
  author={Nguyen, Cuong and Do, Thanh-Toan and Carneiro, Gustavo},
  booktitle={Proceedings of the IEEE/CVF Winter Conference on Applications of Computer Vision},
  pages={3090--3100},
  year={2020}
}
