@MISC{abc,
  author = "Someone",
  title = {Some Title},
  howpublished = {It got published!},
  year = {2025},
  note = {Betelgeuse}
}
