%%% =========================================================
%%% BibTeX-file{
%%%     author          = "Author",
%%%     version         = "1.00",
%%%     date            = "15 April 2021",
%%%     filename        = "refs.bib",
%%%     address         = "University",
%%%     telephone       = "",
%%%     FAX             = "",
%%%     checksum        = ""
%%%     email           = "",
%%%     codetable       = "ISO/ASCII",
%%%     keywords        = "geogebra",
%%%     supported       = "yes",
%%%     docstring       = "BibTeX bibliography for the article
%%%                        \cite{author-year}:
%%%                        TITLE"
%%%     }
%%% =========================================================
%%% The URL (Uniform Resource Locator) of this file is
%%%
@article{wayajun2016,

Title={Reasonable edge to mid span ratio of equal section continuous beams},

Author={Wang Yajun;  Di Jin},

Journal={Journal of Lanzhou University (Natural Science Edition)},

volume={52},

number={3},

year={2016}

}



@article{daigonglian2015,

Title={Study on Reasonable Side to Middle Span Ratio of Large Span Railway Continuous Beam Arch Composite Bridge},

Author={Dai Gonglian, Tang Lixin, Wang Yu},

Journal={Journal of Railway Science and Engineering},

volume={12},

number={8},

year={2015}

}



@article{fujinlong2014,

Title={Applicability Study of Optimization Method for Cable Force of Suspension Rod of Rigid Tied Arch Bridge},

Author={Fu Jinlong, Huang Tianli},

Journal={Journal of Dao Science and Engineering},

volume={11},

number={4},

year={2014}

}



@article{liuzhao2009,

Title={Determination of Optimal Suspension Rod Internal Forces for Tied Arch Bridges Based on Energy Method},

Author={Liu Zhao},

Journal={Engineering Mechanics},

volume={1},

number={8},

year={2009}

}



@article{daijie2019,

Title={Overview of Research on Cable Force Optimization Methods for Cable stayed Bridges},

Author={Dai Jie; Qin Fengjiang; Di Jin; Chen Yongrui},

Journal={Chinese Journal of Highways},

volume={1},

number={1},

year={2019}

}



@article{zhouyungang2017,

Title={Optimization Method for Constant Load Cable Forces of Long span Multi tower Cable stayed Bridges},

Author={Zhou Yungang},

Journal={Journal of Chongqing University (Natural Science Edition)},

volume={36},

number={2},

year={2017}

}




@article{xiaorucheng1998,
Title={Cable Force Optimization and Engineering Application of Cable stayed Bridges},
Author={Xiao Rucheng, Gong Haifan},
Journal={Journal of Computational Mechanics},
volume={15},
number={1},
year={1998}
}



@article{wuchengwei2024,

Title={Proposal, Development, and Application of the Variational Principle of Parameter Variables},

Author={Wu Chengwei},

Journal={Computational Mechanics},

volume={041},

number={001},

year={2024}

}




@article{zhanghongwu2006,

title={PARAMETRIC VARIATIONAL PRINCIPLE BASED

ELASTIC-PLASTIC ANALYSIS OF HETEROGENEOUS

MATERIALS WITH VORONOI FINITE ELEMENT METHOD},

author={ZHANG Hong-wu},

journal={Applied Mathematics and Mechanics},

volume={27},

number={8},

year={2006}

}



@article{reza2007,

title={Variational Problems with Moving oundaries Using Decomposition Method},

author={Reza Memarbashi},

journal={Mathematical Problems in Engineering},

volume={2007},

number={11},

year={2007}

}



@article{liujianlin2010,

Title={Functional Variational with Binary Functions Having Second Derivatives under Movable Boundary Conditions},

Author={Liu Jianlin;  Li Yi;  Cui Guiyou},

Journal={Journal of Harbin Institute of Technology},

volume={15},

number={5},

year={2010}

}



@article{niuxiangjun1981,

Title={Discrete Variational Principles of Solids - Variational Principles of Finite Element Discrete Analysis},

Author={Niu Xiangjun},

Journal={Applied Mathematics and Mechanics},

volume={2},

number={5},

year={1981}

}



@article{huhaichang1954,

Title={On General Variational Principles in Elasticity and Normative Body Mechanics},

Author={Hu Haichang},

Journal={Acta Physica Sinica},

volume={10},

number={3},

year={1954}

}

@article{longyuqiu1983,

Title={Generalized Variational Principle of Partition for Elastic Thick Plates},

Author={Long Yuqiu},

Journal={Applied Mathematics and Mechanics},

volume={4},

number={2},

year={1983}

}



@article{longyuqiu1987,

Title={Generalized Variational Principle and Permutation Multiplier Method with Multiple Arbitrary Parameters},

Author={Long Yuqiu},

Journal={Applied Mathematics and Mechanics},

volume={8},

number={7},

year={1987}

}



@article{penghaijun2011,

Title={Mixed Variable Variational Method for Solving Optimal Control Problems and Its Application in Aerospace Control},

Author={Peng Haijun},

Journal={Journal of Automation},

volume={37},

number={10},

year={2011}

}





@misc{qianfeng2022,

author = {Qian Feng;  Peng Wei;  Junbin Lou; Jinbiao Cai;  Rongqiao Xu},

title = {Analytical solution for quick decision of tied–arch bridge parameters at early-design stage based on Hellinger–Reissner variational method},

year = {2022},

url = { https://www.researchgate.net/publication/363069377 },

urldate = {2022-04-15}

}



@book{laodazhong2011,

Title={Fundamentals of Variational Method},

Author={Lao Da Zhong},

volume={1},

year={2011},

Publisher={Defense Industry Press}

}



@book{huangkezhi2020,

Title={Tensor Analysis},

Author={Huang Kezhi},

volume={1},

year={2020},

Publisher={Tsinghua University Press}

}

@book{sunjiong2018,

Title={Functional Analysis},

Author={Sun Jiong},

volume={1},

year={2018},

Publisher={Higher Education Press}

}



@book{liuzhongkan1986,

Title={Applied Functional Analysis},

Author={Liu Chongkan},

volume={1},

year={1986},

Publisher={Defense Industry Press}

}



@book{longyuqiu2006,

Title={Structural Mechanics},

Author={Long Yuqiu},

volume={1},

year={2006},

Publisher={Higher Education Press}

}



@book{zhongwanxie1997,

Title={Variational Principle of Parameter Variables and Its Application in Engineering},

Author={Zhong Wanxie},

volume={1},

year={1997},

Publisher={Science Press}

}



@book{hushousong2017,

Title={Optimal Control Theory and Systems},

Author={Hu Shousong;  Wang Zhiquan;  Hu Weili},

volume={3},

year={2017},

Publisher={Science Press}

}