@string{THEC5 = "Theoret. Comput. Sci."}

@book{ackermann,
   author    = {Wilhelm Ackermann},
   title     = {Solvable Cases of the Decision Problem},
   year      = 1954 ,
   publisher = {North Holland}
}


@inproceedings{Baaz94LC,
   author    = {Matthias Baaz},
   title     = {Generalization of Proofs and Term Complexity},
   booktitle = {Logic Colloquium '94, Main Lecture},
   year      = {1994},
   address   = {Clermont, France},
   note      = {Unpublished manuscript}
}


@book{boolos,
   author    = {Georg Boolos and Richard Jeffrey},
   title     = {Computability and Logic},
   year      = 1973,
   publisher = {Cambridge University Press}
}


@article{cadoli-cwa,
   author    = {Marco Cadoli and Maurizio Lenzerini},
   title     = {The Complexity of Closed World Reasoning and 
       Circumscription},
   year      = 1989 
}


@book{coxeter,
   author    = {H. S. M. Coxeter},
   title     = {Projective Geometry},
   year      = 1994 ,
   publisher = {Springer-Verlag}
}


@book{girard-proof,
   author    = {Jean-Yves Girard},
   title     = {Proof Theory and Logical Complexity},
   year      = 1987,
   publisher = {Bibliopolis}
}


@article{goedel,
   author    = {Kurt G{\"o}del},
   title     = {{\"U}ber formal unentscheidbare {S}{\"a}tze der {P}rincipia
       {M}athematica und {V}erwandter {S}ysteme I},
   journal   = {Monatshefte f{\"u}r Mathematik und Physik},
   year      = 1931,
   volume    = 38,
   pages     = {173--198}
}


@article{HabichtWaerden:MA-123-223,
   author    = {Walter Habicht and B. L. van der Waerden},
   title     = {Lagerung von {P}unkten auf der {K}ugel.},
   journal   = {Math. Annalen},
   year      = {1951},
   volume    = {123},
   pages     = {223--234}
}


@book{hilbert-geometrie,
   author    = {David Hilbert},
   title     = {Grundlagen der Geometrie},
   year      = 1899,
   publisher = {B.~G. Teubner}
}


@book{kleene,
   author    = {Stephan Cole Kleene},
   title     = {Introduction to metamathematics},
   year      = 1952,
   publisher = {North-Holland},
   edition   = {Bibliotheca Mathematica},
   volume    = {I}
}


@article{pudlak-lines,
   author    = {J. Kraj{\'\i}{\v c}ek and P. Pudl{\'a}k},
   title     = {The number of Proof Lines and the Size of Proofs in First Order Logic},
   journal   = {Arch. Math. Logic},
   year      = 1988,
   pages     = {69--84}
}


@book{kreisel,
   author    = {G. Kreisel and J.-L. Krivine},
   title     = {Modelltheorie},
   year      = 1972 ,
   publisher = {Springer-Verlag}
}


@article{kreisel-einbruch,
   author    = {Georg Kreisel},
   title     = {Der unheilvolle {E}inbruch der {L}ogik in die {M}athematik},
   journal   = {Acta Philosophica Fennica},
   year      = {1976},
   volume    = {28},
   pages     = {166-187}
}


@inproceedings{kreisel-schuette,
   author    = {Georg Kreisel},
   title     = {Some uses of proof theory for finding computer programs},
   booktitle = {Colloque International de Logique},
   organization = {Colloques Internationaux du Centre National de la Recherche Scientifique},
   year      = {1975},
   month     = {July},
   editor    = {M. Guillaume},
   address   = {Paris},
   pages     = {123-134}
}


@booklet{kuich,
   author    = {Werner Kuich},
   title     = {Mathematische {L}ogik},
   howpublished = {Skriptum zur Vorlesung an der TU Wien}
}


@inproceedings{minker-cwa,
   author    = {J. Minker},
   title     = {On indefinite Databases and the Closed World Assumption},
   booktitle = {Proceedings of the 6th CADE Conference},
   year      = 1982 
}


@mastersthesis{Prei96MT,
   author    = {Norbert Preining},
   title     = {Sketch-as-proof, a proof-theoretic analysis of
       axiomatic projective geometry},
   year      = 1996,
   school    = {University of Technology, Vienna, Austria}
}


@article{SchuetteWaerden:MA-123-96,
   author    = {K. Sch{\"u}tte and B. L. van der Waerden},
   title     = {Auf welcher {K}ugel haben 5, 6, 7, 8 oder 9 {P}unkte mit {M}indestabstand {E}ins {P}latz?},
   journal   = {Math. Annalen},
   year      = {1951},
   volume    = {123},
   pages     = {96-124}
}


@article{SchuetteWaerden:MA-125-325,
   author    = {K. Sch{\"u}tte and B. L. van der Waerden},
   title     = {Das {P}roblem der dreizehn {K}ugeln},
   journal   = {Math. Annalen},
   year      = {1953},
   volume    = {125},
   pages     = {325-334}
}


@book{schwabhaeuser,
   author    = {Wolfram Schwabh{\"a}user and Wanda Szmielew and Alfred Tarski},
   title     = {Metamathematische Methoden in der Geometrie},
   year      = 1983,
   publisher = {Springer-Verlag}
}


@book{shoenfield,
   author    = {Joseph R. Shoenfield},
   title     = {Mathematical Logic},
   year      = 1967,
   publisher = {Addison-Wesley}
}


@article{takeuti-peano,
   author    = {Gaisi Takeuti},
   title     = {A Conservative Extension of {P}eano Arithmetic}
}


@book{takeuti-proof,
   author    = {Gaisi Takeuti},
   title     = {Proof Theory},
   year      = 1987,
   publisher = {North Holland}
}


@article{Tarski49JSL,
   author    = {Alfred Tarski},
   title     = {On essential undecidability},
   journal   = {Journal of Symbolic Logic},
   year      = {1949},
   volume    = {14},
   pages     = {75-78}
}


@book{tarski,
   author    = {Alfred Tarski},
   title     = {A decision method for elementary algebra and geometry},
   year      = 1951 ,
   publisher = {University of California Press, Berkeley}
}


@book{wu,
   author    = {Wen{-ts{\"u}n} Wu},
   title     = {Mechanical Theorem Proving in Geometries},
   year      = 1994 ,
   publisher = {Springer-Verlag}
}

@Article{BaazLeitsch92APAL,
  author = 	 {Matthias Baaz and Alexander Leitsch},
  title = 	 {Complexity of resolution proofs and function introduction},
  journal = 	 {Annals of Pure and Applied Logic},
  year = 	 1992,
  volume =	 57,
  pages =	 {181--215}
}

@Article{Orevkov79,
  author = 	 {V. P. Orevkov},
  title = 	 {Lower bounds for increasing complexity of derivations
after cut elimination},
  journal = 	 {Zapiski Nauchnykh Seminarov Leningradskogo Otdeleniya Matematicheskogo Instituta},
  year = 	 1979,
  volume =	 88,
  pages =	 {137--161}
}

@Article{Statman79PAMS,
  author = 	 {R. Statman},
  title = 	 {Lower bounds on {H}erbrand's theorem},
  journal = 	 {Proc. of the Amer. Math. Soc.},
  year = 	 1979,
  volume =	 75,
  pages =	 {104--107}
}

@article{Robinson49JSL,
  author = 	 {Julia Robinson},
  title = 	 {Undecidability in the arithmetic of integers and rationals and in the theory of fields},
  journal = 	 {Journal of Symbolic Logic},
  year = 	 1949,
  volume =	 14,
  pages =	 77
}

@article{Hasse23JRAM,
  author = 	 {Hasse},
  title = 	 {Quadratische {F}ormen},
  journal = 	 {Journal f\"ur reine und angewandte {M}athematik},
  year = 	 1923,
  volume =	 152,
  pages =	 {129--148}
}

@InProceedings{BFL94LICS,
  author = 	 {Matthias Baaz and Christian G. Ferm\"uller and Alexander Leitsch},
  title = 	 {A Non-Elementary Speed-Up in Proof Length by Structural Clause Form Transformation},
  booktitle = 	 {Proc. of LICS'94},
  crossref =	 {ProcLICS94},
  year =	 1994,
  pages =	 {213--219}
}

@Proceedings{ProcLICS94,
  title = 	 {Proceedings of LICS'94},
  year = 	 1994,
  publisher =	 {IEEE Computer Science Press}
}


@InProceedings{Prei97KGC,
  author = 	 {Norbert Preining},
  title = 	 {Sketch-as-Proof},
  pages =        {264--277},
  editor =       {Gottlob, G. and Leitsch, A. and Mundici, D.},
  booktitle = 	 {Computational Logic and Proof Theory, Proc. 5\/$^{\mathit{th}}$ Kurt G\"odel Colloquium KGC'97},
  publisher =    {Springer},
  series =       {Lecture Notes in Computer Science 1289},
  year =	 1997,
  address =      {Vienna, Austria}
}

@Book{herbrand,
  author =	 {Jacques Herbrand},
  editor =	 {Warren D. Goldfarb},
  title = 	 {Logical Writings},
  publisher = 	 {D. Reidel Publishing Company / Dordrecht-Holland},
  year = 	 1971
}

@Book{waerden-ancient,
  author =	 {B. L. van der Waerden},
  title = 	 {Geometry and Algebra in Ancient Civilizations},
  publisher = 	 {Springer},
  year = 	 {1983}
}


@Article{seidenberg,
  author = 	 {A. Seidenberg},
  title = 	 {The Origin of Mathematics},
  journal = 	 {Archive for History of Exact Sciences},
  year = 	 {1978},
  volume =	 {18}
}

@Article{unifi1,
  author =	{J. A. Robinson},
  title =	{A machine-oriented logic based on the resolution principle},
  journal =	{J. of the ACM},
  year =	{1965},
  volume =	{12},
  number =      {1},
  pages =	{23--41}
}

@Article{unifi2,
  author =	{J. A. Robinson},
  title =	{Computational logic: The unification computation},
  journal =	{Mach.Intell.},
  year =	{1971},
  volume =	{6},
  pages =	{63--72}
}

@Book{needham,
  author =	 {J. Needham},
  title = 	 {Science and Civilization in China},
  volume = 	3,
  publisher =	{Cambridge University Press},
  year = 	1959
}

@Book{ogilvy,
  author =	 {Ogilvy, C. S.},
  title = 	 {Excursions in Geometry},
  publisher = 	 {New York: Dover},
  year = 	 {1990},
  pages =        {80--81}
}

@Book{polya1,
  author =	 {G. Polya},
  title = 	 {Mathematics and plausible reasoning, Volume I: Induction and Analogy in Mathematics}, 
  publisher = 	 {Princeton University Press},
  year = 	 1954,
  address =	 {Princeton, New Jersey}
}

@Book{polya2,
  author =	 {G. Polya},
  title = 	 {Mathematics and plausible reasoning, Volume II: Patterns of Plausible Inference}, 
  publisher = 	 {Princeton University Press},
  year = 	 1954,
  address =	 {Princeton, New Jersey}
}

@Book{mathematica,
  author =       {Stephen Wolfram},
  title =        {Mathematica},
  publisher =    {Addison Wesley},
  year =         {1991}
}


@Misc{drgeo,
  author =	 {Hilaire Fernandes},
  title =	 {Dr Genius},
  howpublished = {\texttt{http://ofset.sourceforge.net/drgenius/}},
  year = 2001
}

@Misc{sketchpad,
  author =	 {Scott Steketee},
  title =	 {Euclidean and Non-Euclidean Geometry with The Geometer's Sketchpad},
  howpublished = {{I}nternationale {K}onferenz {\"u}ber {S}chulmathematik {M}athematikunterricht zwischen {A}bakus und {M}ultimedia},
  month =	 {April},
  year =	 {1998},
  note =	 {Vienna, Austria: Technische Universit{\"a}t Wien}
}

@article{Baaz99THEC,
        title= {Note on Generalization of Calculations},
        author={Baaz, M.},
        journal= THEC5,
        volume={224},
        pages={3--11},
        year = 1999,
}

