% 1
@inproceedings{ramanishka2018toward,
  title={Toward driving scene understanding: A dataset for learning driver behavior and causal reasoning},
  author={Ramanishka, Vasili and Chen, Yi-Ting and Misu, Teruhisa and Saenko, Kate},
  booktitle={Proceedings of the IEEE Conference on Computer Vision and Pattern Recognition},
  pages={7699--7707},
  year={2018}
}

%2
@article{grigorescu2020survey,
  title={A survey of deep learning techniques for autonomous driving},
  author={Grigorescu, Sorin and Trasnea, Bogdan and Cocias, Tiberiu and Macesanu, Gigel},
  journal={Journal of Field Robotics},
  volume={37},
  number={3},
  pages={362--386},
  year={2020},
  publisher={Wiley Online Library}
}

%3
@article{zacks2007event,
  title={Event perception: a mind-brain perspective.},
  author={Zacks, Jeffrey M and Speer, Nicole K and Swallow, Khena M and Braver, Todd S and Reynolds, Jeremy R},
  journal={Psychological bulletin},
  volume={133},
  number={2},
  pages={273},
  year={2007},
  publisher={American Psychological Association}
}

%4
@article{zacks2020event,
  title={Event perception and memory},
  author={Zacks, Jeffrey M},
  journal={Annual Review of Psychology},
  volume={71},
  pages={165--191},
  year={2020},
  publisher={Annual Reviews}
}

%5
@InProceedings{filip2021cskg,
author="Ilievski, Filip
and Szekely, Pedro
and Zhang, Bin",
editor="Verborgh, Ruben
and Hose, Katja
and Paulheim, Heiko
and Champin, Pierre-Antoine
and Maleshkova, Maria
and Corcho, Oscar
and Ristoski, Petar
and Alam, Mehwish",
title="CSKG: The CommonSense Knowledge Graph",
booktitle="The Semantic Web",
year="2021",
publisher="Springer International Publishing",
address="Cham",
pages="680--696",
isbn="978-3-030-77385-4"
}

%6
@ARTICLE{shadesof,
author={A. {Sheth} and M. {Gaur} and U. {Kursuncu} and R. {Wickramarachchi}},
journal={IEEE Internet Computing},
title={Shades of Knowledge-Infused Learning for Enhancing Deep Learning},
year={2019},
volume={23},
number={6},
pages={54-63},
keywords={Task analysis;Computational modeling;Deep learning;Training;Adaptation models;Knowledge engineering},
ISSN={1941-0131},
month={Nov}}

%7
@inproceedings{valiant2006knowledge,
  title={Knowledge infusion},
  author={Valiant, Leslie G},
  year={2006}
}

%8
@article{garcez2020neurosymbolic,
  title={Neurosymbolic AI: The 3rd Wave},
  author={Garcez, Artur d'Avila and Lamb, Luis C},
  journal={arXiv preprint arXiv:2012.05876},
  year={2020}
}

%9
@article{rossi2021knowledge,
author = {Rossi, Andrea and Barbosa, Denilson and Firmani, Donatella and others},
title = {Knowledge Graph Embedding for Link Prediction: A Comparative Analysis},
year = {2021},
issue_date = {March 2021},
publisher = {ACM},
address = {New York, NY, USA},
volume = {15},
number = {2},
issn = {1556-4681},
journal = {ACM Trans. Knowl. Discov. Data},
month = jan,
articleno = {14},
numpages = {49},
keywords = {comparative analysis, Knowledge graphs, knowledge graph embeddings, link prediction}
}

%10
@article{wu2020comprehensive,
  title={A comprehensive survey on graph neural networks},
  author={Wu, Zonghan and Pan, Shirui and Chen, Fengwen and Long, Guodong and Zhang, Chengqi and Philip, S Yu},
  journal={IEEE transactions on neural networks and learning systems},
  volume={32},
  number={1},
  pages={4--24},
  year={2020},
  publisher={IEEE}
}

%11
@article{wickramarachchi2021knowledge,
  title={{Knowledge-infused Learning for Entity Prediction in Driving Scenes}},
  author={Wickramarachchi, Ruwan and Henson, Cory and Sheth, Amit},
  journal={{Frontiers in Big Data}},
  volume={4},
  pages={759110},
  doi={10.3389/fdata.2021.759110},
  publisher={Frontiers Media SA},
  year={2021}
}

%12
@inproceedings{chowdhury2021towards,
  title={Towards Leveraging Commonsense Knowledge for Autonomous Driving},
  author={Chowdhury, Sreyasi Nag and Wickramarachchi, Ruwan and Gad-Elrab, Mohamed H and Stepanova, Daria and Henson, Cory},
  booktitle={The 20th International Semantic Web Conference (ISWC)},
  year={2021}
}

%13
@incollection{agrawalMSTV96,
  author    = {Rakesh Agrawal and
               Heikki Mannila and
               Ramakrishnan Srikant and
               Hannu Toivonen and
               A. Inkeri Verkamo},
  editor    = {Usama M. Fayyad and
               Gregory Piatetsky{-}Shapiro and
               Padhraic Smyth and
               Ramasamy Uthurusamy},
  title     = {Fast Discovery of Association Rules},
  booktitle = {Advances in Knowledge Discovery and Data Mining},
  pages     = {307--328},
  publisher = {{AAAI/MIT} Press},
  year      = {1996},
  timestamp = {Sat, 03 Aug 2019 19:21:52 +0200},
  biburl    = {https://dblp.org/rec/books/mit/fayyadPSU96/AgrawalMSTV96.bib},
  bibsource = {dblp computer science bibliography, https://dblp.org}
}

%14
@Inbook{Sen2010,
author="Sen, Prithviraj
and Namata, Galileo
and Bilgic, Mustafa
and Getoor, Lise",
editor="Sammut, Claude
and Webb, Geoffrey I.",
title="Collective Classification",
bookTitle="Encyclopedia of Machine Learning",
year="2010",
publisher="Springer US",
address="Boston, MA",
pages="189--193",
isbn="978-0-387-30164-8",
doi="10.1007/978-0-387-30164-8_140"
}

%15
@article{wickramarachchi2020evaluation,
  title={{An evaluation of knowledge graph embeddings for autonomous driving data: Experience and practice}},
  author={Wickramarachchi, Ruwan and Henson, Cory and Sheth, Amit},
  journal={AAAI 2020 Spring Symposium on Combining Machine Learning and Knowledge Engineering in Practice (AAAI-MAKE 2020)},
  year={2020}
}

%16
@article{wang2021smart,
  title={Smart manufacturing and intelligent manufacturing: A comparative review},
  author={Wang, Baicun and Tao, Fei and Fang, Xudong and Liu, Chao and Liu, Yufei and Freiheit, Theodor},
  journal={Engineering},
  volume={7},
  number={6},
  pages={738--757},
  year={2021},
  publisher={Elsevier}
}

%17
@article{yahya2021industry,
author = {Yahya, Muhammad and Breslin, John G. and Ali, Muhammad Intizar},
doi = {10.3390/app11115110},
issn = {20763417},
journal = {Applied Sciences (Switzerland)},
keywords = {Industry 4.0 knowledge graph,Industry 4.0 semantic modelling,Smart manufacturing},
mendeley-groups = {Knowledge Infusion in AD/Smart Manufacturing},
number = {11},
pages = {1--23},
title = {{Semantic web and knowledge graphs for industry 4.0}},
volume = {11},
year = {2021}
}

%18
@inproceedings{bordes2013translating,
  title={Translating embeddings for modeling multi-relational data},
  author={Bordes, Antoine and Usunier, Nicolas and Garcia, Alberto and others},
  booktitle={Adv. in Neural Information Processing Systems},
  pages={2787--2795},
  year={2013}
}

%19
@inproceedings{nickel2016holographic,
  title={Holographic embeddings of knowledge graphs},
  author={Nickel, Maximilian and Rosasco, Lorenzo and Poggio, Tomaso},
  booktitle={Thirtieth AAAI Conference on Artificial Intelligence},
  year={2016}
}

%20
@inproceedings{dai2018novel,
  title={A Novel Embedding Model for Knowledge Base Completion Based on Convolutional Neural Network},
  author={Nguyen, Dai Quoc and Nguyen, Tu Dinh and Nguyen, Dat Quoc and others},
  booktitle={Proceedings of NAACL-HLT},
  pages={327--333},
  year={2018}
}


%21
@misc{pandaset,
author = {{Scale AI}},
title = {PandaSet Open Datasets - Scale},
howpublished = {\url{https://scale.com/open-datasets/pandaset}},
month = {},
year = {2020},
note = {(Accessed on 01/25/2021)}
}
