Robust Optimization/
last check 2016.12.7:

@article{ahmed2008solving,
  title			= {Solving Chance-Constrained Stochastic Programs via Sampling and Integer Programming},
  author		= {Ahmed, Shabbir and Shapiro, Alexander},
  journal		= {Tutorials in Operations Research},
  volume		= {10},
  pages			= {261--270},
  year			= {2008},
  publisher		= {INFORMS Hanover, MD}
}

@book{ben2009robust,
  title			= {Robust Optimization},
  author		= {Ben-Tal, Aharon and El Ghaoui, Laurent and Nemirovski, Arkadi},
  year			= {2009},
  publisher		= {Princeton University Press}
}

@article{ben2013robust,
  title			= {Robust Solutions of Optimization Problems Affected by Uncertain Probabilities},
  author		= {Ben-Tal, Aharon and Den Hertog, Dick and De Waegenaere, Anja and Melenberg, Bertrand and Rennen, Gijs},
  journal		= {Management Science},
  volume		= {59},
  number		= {2},
  pages			= {341--357},
  year			= {2013},
  publisher		= {INFORMS}
}

@article{ben2015deriving,
  title			= {Deriving Robust Counterparts of Nonlinear Uncertain Inequalities},
  author		= {Ben-Tal, Aharon and Den Hertog, Dick and Vial, Jean-Philippe},
  journal		= {Mathematical Programming},
  volume		= {149},
  number		= {1-2},
  pages			= {265--299},
  year			= {2015},
  publisher		= {Springer}
}

@article{calafiore2005uncertain,
  title			= {Uncertain Convex Programs: Randomized Solutions and Confidence Levels},
  author		= {Calafiore, Giuseppe and Campi, Marco C},
  journal		= {Mathematical Programming},
  volume		= {102},
  number		= {1},
  pages			= {25--46},
  year			= {2005},
  publisher		= {Springer}
}

@article{calafiore2006distributionally,
  title			= {On Distributionally Robust Chance-Constrained Linear Programs},
  author		= {Calafiore, Giuseppe Carlo and El Ghaoui, Laurent},
  journal		= {Journal of Optimization Theory and Applications},
  volume		= {130},
  number		= {1},
  pages			= {1--22},
  year			= {2006},
  publisher		= {Springer}
}

@article{calafiore2010random,
  title			= {Random Convex Programs},
  author		= {Calafiore, Giuseppe Carlo},
  journal		= {SIAM Journal on Optimization},
  volume		= {20},
  number		= {6},
  pages			= {3427--3464},
  year			= {2010},
  publisher		= {SIAM}
}

@article{campi2008exact,
  title			= {The Exact Feasibility of Randomized Solutions of Uncertain Convex Programs},
  author		= {Campi, Marco C and Garatti, Simone},
  journal		= {SIAM Journal on Optimization},
  volume		= {19},
  number		= {3},
  pages			= {1211--1230},
  year			= {2008},
  publisher		= {SIAM}
}

@article{erdougan2006ambiguous,
  title			= {Ambiguous Chance Constrained Problems and Robust Optimization},
  author		= {Erdo{\u{g}}an, E and Iyengar, Garud},
  journal		= {Mathematical Programming},
  volume		= {107},
  number		= {1-2},
  pages			= {37--61},
  year			= {2006},
  publisher		= {Springer}
}

@article{esfahani2015data,
  title			= {Data-Driven Distributionally Robust Optimization Using the {Wasserstein} Metric: Performance Guarantees and Tractable Reformulations},
  author		= {Esfahani, Peyman Mohajerin and Kuhn, Daniel},
  journal		= {arXiv preprint arXiv:1505.05116},
  year			= {2015}
}

@article{hu2013kullback,
  title			= {Kullback-Leibler Divergence Constrained Distributionally Robust Optimization},
  author		= {Hu, Zhaolin and Hong, L Jeff},
  journal		= {Optimization Online},
  url			= {http://www.optimization-online.org/DB_FILE/2012/3677.pdf},
  year			= {2013}
}

@article{jiang2012data,
  title			= {Data-Driven Chance Constrained Stochastic Program},
  author		= {Jiang, Ruiwei and Guan, Yongpei},
  journal		= {Mathematical Programming},
  pages			= {1--37},
  year			= {2012},
  publisher		= {Springer}
}

@article{kuhn2011primal,
  title			= {Primal and Dual Linear Decision Rules in Stochastic and Robust Optimization},
  author		= {Kuhn, Daniel and Wiesemann, Wolfram and Georghiou, Angelos},
  journal		= {Mathematical Programming},
  volume		= {130},
  number		= {1},
  pages			= {177--209},
  year			= {2011},
  publisher		= {Springer}
}

@article{nemirovski2006convex,
  title			= {Convex Approximations of Chance Constrained Programs},
  author		= {Nemirovski, Arkadi and Shapiro, Alexander},
  journal		= {SIAM Journal on Optimization},
  volume		= {17},
  number		= {4},
  pages			= {969--996},
  year			= {2006},
  publisher		= {SIAM}
}

@incollection{ruszczynski2006optimization,
  title			= {Optimization of Risk Measures},
  author		= {Ruszczy{\'n}ski, Andrzej and Shapiro, Alexander},
  booktitle		= {Probabilistic and randomized methods for design under uncertainty},
  pages			= {119--157},
  year			= {2006},
  publisher		= {Springer}
}

@article{van2013distributionally,
  title			= {Distributionally Robust Control of Constrained Stochastic Systems},
  author		= {Van Parys, Bart and Kuhn, Daniel and Goulart, Paul and Morari, Manfred},
  year			= {2013},
  publisher		= {IEEE}
}

@article{vayanos2012constraint,
  author		= {Vayanos, Phebe and Kuhn, Daniel and Rustem, Ber\c{c}},
  title			= {A Constraint Sampling Approach for Multi-stage Robust Optimization},
  journal		= {Automatica},
  issue_date	= {March, 2012},
  volume		= {48},
  number		= {3},
  month 		= mar,
  year			= {2012},
  issn			= {0005-1098},
  pages			= {459--471},
  numpages		= {13},
  url			= {http://dx.doi.org/10.1016/j.automatica.2011.12.002},
  doi			= {10.1016/j.automatica.2011.12.002},
  acmid			= {2151568},
  publisher		= {Pergamon Press, Inc.},
  address		= {Tarrytown, NY, USA},
  keywords		= {Decision rules, Multi-stage robust optimization, Scenario approximation, Violation probability},
}

@article{wang2015strong,
  title			= {Strong and Total {Fenchel} Dualities for Robust Convex Optimization Problems},
  author		= {Wang, Mengdan and Fang, Donghui and Chen, Zhe},
  journal		= {Journal of Inequalities and Applications},
  volume		= {2015},
  number		= {1},
  pages			= {1--21},
  year			= {2015},
  publisher		= {Springer}
}

@article{yanikoglu2012safe,
  title			= {Safe Approximations of Ambiguous Chance Constraints Using Historical Data},
  author		= {Yan{\i}ko\u{g}lu, \.{I}hsan and den Hertog, Dick},
  journal		= {{INFORMS} Journal on Computing},
  volume		= {25},
  number		= {4},
  pages			= {666--681},
  year			= {2012},
  publisher		= {INFORMS}
}

