Robust Control/
last check: 2021.2.11

@inproceedings{barmish1988generalization,
  title			= {A Generalization of Kharitonov's Four Polynomial Concept for Robust Stability Problems with Linearly Dependent Coefficient Perturbations},
  author		= {Barmish, B Ross},
  booktitle		= {Proc. {IEEE} {ACC}},
  pages			= {1869--1875},
  year			= {1988},
  organization	= {IEEE}
}

@inproceedings{bernstein1990robust,
  title			= {Robust Controller Synthesis Using Kharitonov's Theorem},
  author		= {Bernstein, Dennis S and Haddad, Wassim M},
  booktitle		= {Proc. {IEEE} {CDC}},
  pages			= {1222--1223},
  year			= {1990},
  organization	= {IEEE}
}

@article{bernstein1992robust,
  title			= {Robust Controller Synthesis Using Kharitonov's Theorem},
  author		= {Bernstein, DS and Haddad, WM},
  journal		= {{IEEE} Trans. Autom. Control},
  volume		= {37},
  number		= {1},
  pages			= {129--132},
  year			= {1992},
  publisher		= {IEEE}
}

@article{chapellat1989generalization,
  title			= {A Generalization of Kharitonov's Theorem; Robust Stability of Interval Plants},
  author		= {Chapellat, Herv{\'e} and Bhattacharyya, SP},
  journal		= {{IEEE} Trans. Autom. Control},
  volume		= {34},
  number		= {3},
  pages			= {306--311},
  year			= {1989},
  publisher		= {IEEE}
}

@article{doyle1978guaranteed,
  title			= {Guaranteed Margins for {LQG} Regulators},
  author		= {Doyle, John C},
  journal		= {{IEEE} Trans. Autom. Control},
  volume		= {23},
  number		= {4},
  pages			= {756--757},
  year			= {1978},
  publisher		= {IEEE}
}

@inproceedings{doyle1982analysis,
  title			= {Analysis of Feedback Systems with Structured Uncertainties},
  author		= {Doyle, John},
  booktitle		= {IEE Proceedings D-Control Theory and Applications},
  pages			= {242--250},
  year			= {1982},
  organization	= {IET}
}

@inproceedings{doyle1983synthesis,
  title			= {Synthesis of Robust Controllers and Filters},
  author		= {Doyle, John C},
  booktitle		= {Proc. {IEEE} {CDC}},
  pages			= {109--114},
  year			= {1983},
  organization	= {IEEE}
}

@inproceedings{doyle1985structured,
  title			= {Structured Uncertainty in Control System Design},
  author		= {Doyle, John C},
  booktitle		= {Proc. {IEEE} {CDC}},
  pages			= {260--265},
  year			= {1985},
  organization	= {IEEE}
}

@article{keel1988robust,
  title			= {Robust Control with Structure Perturbations},
  author		= {Keel, Lee H and Bhattacharyya, SP and Howze, Jo W},
  journal		= {{IEEE} Trans. Autom. Control},
  volume		= {33},
  number		= {1},
  pages			= {68--78},
  year			= {1988},
  publisher		= {IEEE}
}

@article{keel1997robust,
  title			= {Robust, Fragile, or Optimal?},
  author		= {Keel, Lee H and Bhattacharyya, Shankar P},
  journal		= {{IEEE} Trans. Autom. Control},
  volume		= {42},
  number		= {8},
  pages			= {1098--1105},
  year			= {1997},
  publisher		= {IEEE}
}

@phdthesis{khammash1990stability,
  title			= {Stability and Performance Robustness of Discrete-Time Systems with Structured Uncertainty},
  author		= {Khammash, Mustafa Hani},
  year			= {1990}
}

@article{kharitonov1978asymptotic,
  title			= {The Asymptotic Stability of the Equilibrium State of a Family of Systems of Linear Differential Equations},
  author		= {Kharitonov, Vladimir Leonidovich},
  journal		= {Differentsial'nye Uravneniya},
  volume		= {14},
  number		= {11},
  pages			= {2086--2088},
  year			= {1978},
  publisher		= {Russian Academy of Sciences, Branch of Informatics, Computer Equipment and}
}

@article{megretski1997system,
  title			= {System Analysis Via Integral Quadratic Constraints},
  author		= {Megretski, Alexandre and Rantzer, Anders},
  journal		= {{IEEE} Trans. Autom. Control},
  volume		= {42},
  number		= {6},
  pages			= {819--830},
  year			= {1997},
  publisher		= {IEEE}
}

@inproceedings{niemann2002reliable,
  title			= {Reliable Control Using the Primary and Dual Youla Parameterizations},
  author		= {Niemann, Henrik and Stoustrup, Jakob},
  booktitle		= {Proc. {IEEE} {CDC}},
  pages			= {4353--4358},
  year			= {2002},
  organization	= {IEEE}
}

@article{patre2010robust,
  title			= {Robust State Feedback for Interval Systems: An Interval Analysis Approach},
  author		= {Patre, Balasaheb M and Deore, Pramod Jagan},
  journal		= {Reliab. Comput.},
  volume		= {14},
  pages			= {46--60},
  year			= {2010}
}

@inproceedings{petersen1987new,
  title			= {A New Extension to Kharitonov's Theorem},
  author		= {Petersen, Ian R},
  booktitle		= {Proc. {IEEE} {CDC}},
  pages			= {2070--2075},
  year			= {1987},
  organization	= {IEEE}
}

@inproceedings{safonov1983l_infty,
  title			= {L$_\infty$-Optimal Sensitivity Vs. Stability Margin},
  author		= {Safonov, Michael G},
  booktitle		= {Proc. {IEEE} {CDC}},
  pages			= {115--118},
  year			= {1983},
  organization	= {IEEE}
}

@inproceedings{safonov1993mu,
  title			= {Mu-Synthesis Robust Control: What's Wrong and How to Fix It?},
  author		= {Safonov, Michael G and Ly, JH and Chiang, Richard Y},
  booktitle		= {Proceedings. The First IEEE Regional Conference on Aerospace Control Systems,},
  pages			= {563--568},
  year			= {1993},
  organization	= {IEEE}
}

@inproceedings{shafai1992robust,
  title			= {Robust Control Synthesis Using Generalized {Kharitonov's} Theorem},
  author		= {Shafai, B and Monaco, M and Milanese, M},
  booktitle		= {Proc. {IEEE} {CDC}},
  pages			= {659--661},
  year			= {1992},
  organization	= {IEEE}
}

@inproceedings{stoustrup2001fault,
  title			= {Fault Tolerant Feedback Control Using the Youla Parameterization},
  author		= {Stoustrup, Jakob and Nieman, Henrik},
  booktitle		= {2001 European Control Conference (ECC)},
  pages			= {1970--1974},
  year			= {2001},
  organization	= {IEEE}
}
