System Level Synthesis/
last check: 2021.9.27

@inproceedings{amo-alonso2020distributed,
  title			= {Distributed and Localized Closed Loop Model Predictive Control Via System Level Synthesis},
  author		= {Amo Alonso, Carmen and Matni, Nikolai},
  booktitle		= {Proc. {IEEE} {CDC}},
  pages			= {5598--5605},
  year			= {2020},
  organization	= {IEEE}
}

@inproceedings{amo-alonso2020explicit,
  title			= {Explicit Distributed and Localized Model Predictive Control Via System Level Synthesis},
  author		= {Alonso, Carmen Amo and Matni, Nikolai and Anderson, James},
  booktitle		= {Proc. {IEEE} {CDC}},
  pages			= {5606--5613},
  year			= {2020},
  organization	= {IEEE}
}

@inproceedings{anderson2017structured,
  title			= {Structured State Space Realizations for {SLS} Distributed Controllers},
  author		= {Anderson, James and Matni, Nikolai},
  booktitle		= {Proc. Allerton},
  bbooktitle		= {2017 55th Annual Allerton Conference on Communication, Control, and Computing (Allerton)},
  pages			= {982--987},
  year			= {2017},
  oorganization	= {IEEE}
}

@article{anderson2019system,
  title			= {System Level Synthesis},
  author		= {Anderson, James and Doyle, John C and Low, Steven H and Matni, Nikolai},
  journal		= {Annual Reviews in Control},
  volume		= {59},
  number		= {12},
  pages			= {3238--3251},
  year			= {2019},
  publisher		= {Elsevier}
}

@inproceedings{boczar2018finite,
  title			= {Finite-Data Performance Guarantees for the Output-Feedback Control of an Unknown System},
  author		= {Boczar, Ross and Matni, Nikolai and Recht, Benjamin},
  booktitle		= {Proc. {IEEE} {CDC}},
  pages			= {2994--2999},
  year			= {2018},
  organization	= {IEEE}
}

@article{chen2019robust,
  title			= {Robust Closed-Loop Model Predictive Control Via System Level Synthesis},
  author		= {Chen, Shaoru and Wang, Han and Morari, Manfred and Preciado, Victor M and Matni, Nikolai},
  journal		= {arXiv preprint arXiv:1911.06842},
  pages			= {779--786},
  year			= {2019}
}

@article{dean2019robust,
  title			= {Robust Guarantees for Perception-Based Control},
  author		= {Dean, Sarah and Matni, Nikolai and Recht, Benjamin and Ye, Vickie},
  journal		= {arXiv preprint arXiv:1907.03680},
  pages			= {350--360},
  year			= {2019}
}

@inproceedings{dean2020robust,
  title			= {Robust Guarantees for Perception-Based Control},
  author		= {Dean, Sarah and Matni, Nikolai and Recht, Benjamin and Ye, Vickie},
  booktitle		= {Learning for Dynamics and Control},
  pages			= {350--360},
  year			= {2020},
  organization	= {PMLR}
}

@inproceedings{doyle2017system,
  title			= {System Level Synthesis: A Tutorial},
  author		= {Doyle, John C. and Matni, Nikolai and Wang, Yuh-Shuyang and Anderson, James and Low, Steven},
  booktitle		= {Proc. {IEEE} {CDC}},
  year			= {2017}
}

@article{furieri2019input,
  title			= {An Input-Output Parametrization of Stabilizing Controllers: Amidst {Youla} and System Level Synthesis},
  author		= {Furieri, Luca and Zheng, Yang and Papachristodoulou, Antonis and Kamgarpour, Maryam},
  journal		= {IEEE Control Systems Letters},
  volume		= {3},
  number		= {4},
  pages			= {1014--1019},
  year			= {2019},
  publisher		= {IEEE}
}

@article{furieri2020sparsity,
  title			= {Sparsity Invariance for Convex Design of Distributed Controllers},
  author		= {Furieri, Luca and Zheng, Yang and Papachristodoulou, Antonis and Kamgarpour, Maryam},
  journal		= {IEEE Transactions on Control of Network Systems},
  year			= {2020},
  publisher		= {IEEE}
}

@article{jensen2020explicit,
  title			= {An Explicit Parametrization of Closed Loops for Spatially Distributed Controllers with Sparsity Constraints},
  author		= {Jensen, Emily and Bamieh, Bassam},
  journal		= {arXiv preprint arXiv:2012.04792},
  year			= {2020}
}

@article{jerez2014embedded,
  title			= {Embedded Online Optimization for Model Predictive Control at Megahertz Rates},
  author		= {Jerez, Juan L and Goulart, Paul J and Richter, Stefan and Constantinides, George A and Kerrigan, Eric C and Morari, Manfred},
  journal		= {{IEEE} Trans. Autom. Control},
  volume		= {59},
  number		= {12},
  pages			= {3238--3251},
  year			= {2014},
  publisher		= {IEEE}
}

@inproceedings{lamperski2012dynamic,
  title			= {Dynamic Programming Solutions for Decentralized State-Feedback {LQG} Problems with  Communication Delays},
  author		= {Lamperski, Andrew and Doyle, John C.},
  booktitle		= {Proc. {IEEE} {ACC}},
  year			= {2012}
}

@article{lessard2015convexity,
  title			= {Convexity of Decentralized Controller Synthesis},
  author		= {Lessard, Laurent and Lall, Sanjay},
  journal		= {{IEEE} Trans. Autom. Control},
  volume		= {61},
  number		= {10},
  pages			= {3122--3127},
  year			= {2015},
  publisher		= {IEEE}
}

@inproceedings{li2020separating,
  title			= {Separating Controller Design From Closed-Loop Design: A New Perspective on System-Level Controller Synthesis},
  author		= {Li, Jing Shuang and Ho, Dimitar},
  booktitle		= {Proc. {IEEE} {ACC}},
  year			= {2020}
}

@article{li2021descending,
  title			= {Descending Predictive Feedback: From Optimal Control to the Sensorimotor System},
  author		= {Li, Jing Shuang and Sarma, Anish A and Doyle, John C},
  journal		= {arXiv preprint arXiv:2103.16812},
  year			= {2021}
}

@inproceedings{li2021frontiers,
  title			= {Frontiers in Scalable Distributed Control: {SLS}, {MPC}, and Beyond},
  author		= {Li, Jing Shuang and Amo Alonso, Carmen and Doyle, John C},
  booktitle		= {Proc. {IEEE} {ACC}},
  year			= {2021},
}

@inproceedings{matni2017scalable,
  title			= {Scalable System Level Synthesis for Virtually Localizable Systems},
  author		= {Matni, Nikolai and Wang, Yuh-Shyang and Anderson, James},
  booktitle		= {Proc. {IEEE} {CDC}},
  pages			= {3473--3480},
  year			= {2017},
  organization	= {IEEE}
}

@inproceedings{matni2020robust,
  title			= {Robust Performance Guarantees for System Level Synthesis},
  author		= {Matni, Nikolai and Sarma, Anish A},
  booktitle		= {Proc. {IEEE} {ACC}},
  pages			= {779--786},
  year			= {2020},
  organization	= {IEEE}
}

@article{rotkowitz2005characterization,
  title			= {A Characterization of Convex Problems in Decentralized Control},
  author		= {Rotkowitz, Michael and Lall, Sanjay},
  journal		= {{IEEE} Trans. Autom. Control},
  volume		= {50},
  number		= {12},
  pages			= {1984--1996},
  year			= {2005},
  publisher		= {IEEE}
}

@inproceedings{rotkowitz2006characterization,
  title			= {A Characterization of Convex Problems in Decentralized Cotnrol},
  author		= {Rotkowitz, Michael and Lall, Sanjay},
  booktitle		= {Proc. {IEEE} {ACC}},
  year			= {2006}
}

@article{sabau2014youla,
  title			= {{Youla}-Like Parametrizations Subject to {QI} Subspace Constraints},
  author		= {Sab{\u{a}}u, {\c{S}}erban and Martins, Nuno C},
  journal		= {{IEEE} Trans. Autom. Control},
  volume		= {59},
  number		= {6},
  pages			= {1411--1422},
  year			= {2014},
  publisher		= {IEEE}
}

@article{szabo2021generalised,
  title			= {Generalised System Level Approach},
  author		= {Szab{\'o}, Zolt{\'a}n and Bokor, J{\'o}zsef and G{\'a}sp{\'a}r, P{\'e}ter},
  journal		= {IFAC-PapersOnLine},
  volume		= {54},
  number		= {8},
  pages			= {45--50},
  year			= {2021},
  publisher		= {Elsevier}
}

@inproceedings{tsiamis2020sample,
  title			= {Sample Complexity of {Kalman} Filtering for Unknown Systems},
  author		= {Tsiamis, Anastasios and Matni, Nikolai and Pappas, George},
  booktitle		= {Learning for Dynamics and Control},
  pages			= {435--444},
  year			= {2020},
  organization	= {PMLR}
}

@inproceedings{wang2016localized,
  title			= {Localized {LQG} Optimal Control for Large-Scale Systems},
  author		= {Wang, Yuh-Shyang and Matni, Nikolai},
  booktitle		= {Proc. {IEEE} {ACC}},
  year			= {2016}
}

@inproceedings{wang2017system,
  title			= {System Level Parameterizations, Constraints and Synthesis},
  author		= {Wang, Yuh-Shyang and Matni, Nikolai and Doyle, John C},
  booktitle		= {Proc. {IEEE} {ACC}},
  pages			= {1308--1315},
  year			= {2017},
  organization	= {IEEE}
}

@article{wang2018separable,
  title			= {Separable and Localized System-Level Synthesis for Large-Scale Systems},
  author		= {Wang, Yuh-Shyang and Matni, Nikolai and Doyle, John C},
  journal		= {{IEEE} Trans. Autom. Control},
  volume		= {63},
  number		= {12},
  pages			= {4234--4249},
  year			= {2018},
  publisher		= {IEEE}
}

@article{wang2019system,
  title			= {A System Level Approach to Controller Synthesis},
  author		= {Wang, Yuh-Shyang and Matni, Nikolai and Doyle, John C},
  journal		= {{IEEE} Trans. Autom. Control},
  volume		= {34},
  number		= {8},
  pages			= {982--987},
  year			= {2019},
  publisher		= {IEEE}
}

@article{youla1976modern1,
  title			= {Modern {Wiener}-{Hopf} Design of Optimal Controllers -- Part {I}: The Single-Input-Output Case},
  author		= {Youla, Dante C and Bongiorno Jr., Joseph J and Jabr, Hamid A},
  journal		= {{IEEE} Trans. Autom. Control},
  volume		= {21},
  number		= {1},
  pages			= {3--13},
  year			= {1976},
  publisher		= {IEEE}
}

@article{youla1976modern2,
  title			= {Modern {Wiener}-{Hopf} Design of Optimal Controllers -- Part {II}: The Multivariable Case},
  author		= {Youla, Dante C and Jabr, Hamid A and Bongiorno Jr., Joseph J},
  journal		= {{IEEE} Trans. Autom. Control},
  volume		= {21},
  number		= {3},
  pages			= {319--338},
  year			= {1976},
  publisher		= {IEEE}
}

@article{zheng2019system,
  title			= {System-Level, Input-Output and New Parameterizations of Stabilizing Controllers, and Their Numerical Computation},
  author		= {Zheng, Yang and Furieri, Luca and Kamgarpour, Maryam and Li, Na},
  journal		= {arXiv preprint arXiv:1909.12346},
  year			= {2019}
}

@article{zheng2020equivalence,
  title			= {On the Equivalence of {Youla}, System-Level and Input-Output Parameterizations},
  author		= {Zheng, Yang and Furieri, Luca and Papachristodoulou, Antonis and Li, Na and Kamgarpour, Maryam},
  journal		= {{IEEE} Trans. Autom. Control},
  year			= {2020},
  publisher		= {IEEE}
}

@article{zheng2020sample,
  title			= {Sample Complexity of {LQG} Control for Output Feedback Systems},
  author		= {Zheng, Yang and Furieri, Luca and Kamgarpour, Maryam and Li, Na},
  journal		= {arXiv preprint arXiv:2011.09929},
  year			= {2020}
}
