Textbook and Theory/
last check: 2021.1.28

@article{arcozzi2020hardy,
  title			= {The Hardy Space From an Engineer's Perspective},
  author		= {Arcozzi, Nicola and Rochberg, Richard},
  journal		= {arXiv preprint arXiv:2009.12707},
  year			= {2020}
}

@book{bertsekas2005dynamic1,
  title			= {Dynamic Programming and Optimal Control},
  author		= {Bertsekas, Dimitri P},
  volume		= {1},
  year			= {2005},
  publisher		= {Athena Scientific}
}

@book{bhattacharyya1995robust,
  title			= {Robust Control: The Parametric Approach},
  author		= {Bhattacharyya, Shankar P and Keel, Lee H},
  year			= {1995},
  publisher		= {Elsevier}
}

@book{billingsley2013convergence,
  title			= {Convergence of Probability Measures},
  author		= {Billingsley, Patrick},
  year			= {2013},
  publisher		= {John Wiley \& Sons}
}

@book{brucker2007scheduling,
  title			= {Scheduling Algorithms},
  author		= {Brucker, Peter},
  volume		= {3},
  year			= {2007},
  publisher		= {Springer}
}

@book{brunton2019data,
  title			= {Data-Driven Science and Engineering: Machine Learning, Dynamical Systems, and Control},
  author		= {Brunton, Steven L and Kutz, J Nathan},
  year			= {2019},
  publisher		= {Cambridge University Press}
}

@book{cai2014optimal,
  title			= {Optimal Stochastic Scheduling},
  author		= {Cai, Xiaoqiang and Wu, Xianyi and Zhou, Xian},
  year			= {2014},
  publisher		= {Springer}
}

@article{chiang2015novel,
  title			= {A Novel {TRUST-TECH} Guided Branch-and-Bound Method for Nonlinear Integer Programming},
  author		= {Chiang, Hsiao-Dong and Wang, Tao},
  journal		= {IEEE Systems, Man, and Cybernetics Society},
  year			= {2015},
  publisher		= {IEEE}
}

@book{cormen2009introduction,
  title			= {Introduction to Algorithms},
  author		= {Cormen, Thomas H and Leiserson, Charles E and Rivest, Ronald L and Stein, Clifford},
  year			= {2009},
  edition		= {3rd},
  publisher		= {MIT press}
}

@article{dasgupta2003elementary,
  title			= {An Elementary Proof of a Theorem of {Johnson} and {Lindenstrauss}},
  author		= {Dasgupta, Sanjoy and Gupta, Anupam},
  journal		= {Random Structures \& Algorithms},
  volume		= {22},
  number		= {1},
  pages			= {60--65},
  year			= {2003},
  publisher		= {Wiley Online Library}
}

@book{doyle1992feedback,
  title			= {Feedback Control Theory},
  author		= {Doyle, John C and Francis, Bruce A and Tannenbaum, Allen R},
  year			= {1992},
  publisher		= {Courier Corporation}
}

@inproceedings{eberhart1995new,
  title			= {A New Optimizer Using Particle Swarm Theory},
  author		= {Eberhart, Russ C and Kennedy, James},
  booktitle		= {Proc. 6th Int. Symp. Micro Machine and Human Science},
  bbooktitle	= {Proceedings of the sixth international symposium on micro machine and human science},
  volume		= {1},
  pages			= {39--43},
  year			= {1995},
  oorganization	= {New York, NY}
}

@article{francis1987course,
  title			= {A Course in {$H_\infinity$} Control Theory},
  author		= {Francis, Bruce A},
  journal		= {Lecture notes in control and information sciences},
  volume		= {88},
  year			= {1987}
}

@article{gibbs2002choosing,
  title			= {On Choosing and Bounding Probability Metrics},
  author		= {Gibbs, Alison L and Su, Francis Edward},
  journal		= {International statistical review},
  volume		= {70},
  number		= {3},
  pages			= {419--435},
  year			= {2002},
  publisher		= {Wiley Online Library}
}

@article{huang2019induced,
  title			= {Induced Subgraphs of Hypercubes and a Proof of the Sensitivity Conjecture},
  author		= {Huang, Hao},
  journal		= {arXiv preprint arXiv:1907.00847},
  year			= {2019}
}

@article{james1978generalised,
  title			= {The Generalised Inverse},
  author		= {James, M},
  journal		= {The Mathematical Gazette},
  volume		= {62},
  number		= {420},
  pages			= {109--114},
  year			= {1978},
  publisher		= {Cambridge University Press}
}

@article{johnson1988designing,
  title			= {Designing Reusable Classes},
  author		= {Johnson, Ralph E and Foote, Brian},
  journal		= {Journal of Object-Oriented Programming},
  volume		= {1},
  number		= {2},
  pages			= {22--35},
  year			= {1988},
  adsurl={http://www.laputan.org/drc/drc.html}
}

@book{karp1972reducibility,
  title			= {Reducibility Among Combinatorial Problems},
  author		= {Karp, Richard M},
  year			= {1972},
  publisher		= {Springer}
}

@book{maggiore2005modern,
  title			= {A Modern Introduction to Quantum Field Theory},
  author		= {Maggiore, Michele},
  year			= {2005},
  publisher		= {Oxford university press}
}

@incollection{matsikoudis2013fixed,
  title			= {On Fixed Points of Strictly Causal Functions},
  author		= {Matsikoudis, Eleftherios and Lee, Edward A},
  booktitle		= {Formal Modeling and Analysis of Timed Systems},
  pages			= {183--197},
  year			= {2013},
  publisher		= {Springer}
}

@article{nisan1994degree,
  title			= {On the Degree of {Boolean} Functions as Real Polynomials},
  author		= {Nisan, Noam and Szegedy, Mario},
  journal		= {Computational complexity},
  volume		= {4},
  number		= {4},
  pages			= {301--313},
  year			= {1994},
  publisher		= {Springer}
}

@book{nocedal2006numerical,
  title			= {Numerical Optimization},
  author		= {Nocedal, Jorge and Wright, Stephen},
  year			= {2006},
  publisher		= {Springer Science \& Business Media}
}

@book{peterson2003computer,
  title			= {Computer Networks: A Systems Approach},
  author		= {Peterson, Larry L and Davie, Bruce S},
  year			= {2003},
  edition		= {3},
  publisher		= {Elsevier}
}

@book{peterson2011computer,
  title			= {Computer Networks: A Systems Approach},
  author		= {Peterson, Larry L and Davie, Bruce S},
  year			= {2011},
  edition		= {5},
  publisher		= {Elsevier}
}

@article{razborov1997natural,
  title			= {Natural Proofs},
  author		= {Razborov, Alexander A and Rudich, Steven},
  journal		= {Journal of Computer and System Sciences},
  volume		= {55},
  number		= {1},
  pages			= {24--35},
  year			= {1997},
  publisher		= {Elsevier}
}

@article{shannon1948mathematical,
  title		    = {A mathematical theory of communication},
  author		= {Shannon, Claude Elwood},
  journal		= {The Bell system technical journal},
  volume		= {27},
  number		= {3},
  pages	    	= {379--423},
  year		    = {1948},
  publisher		= {Nokia Bell Labs}
}

@article{shannon2001mathematical,
  title		    = {A Mathematical Theory of Communication},
  author		= {Shannon, Claude Elwood},
  journal		= {ACM SIGMOBILE Mobile Computing and Communications Review},
  volume		= {5},
  number		= {1},
  pages	    	= {3--55},
  year		    = {2001},
  publisher		= {ACM}
}

@book{tay1998high,
  title			= {High Performance Control},
  author		= {Tay, Teng-Tiow and Mareels, Iven and Moore, John B},
  year			= {1998},
  publisher		= {Springer Science \& Business Media}
}

@article{watel2016practical,
  title			= {A Practical Greedy Approximation for the Directed {Steiner} Tree Problem},
  author		= {Watel, Dimitri and Weisser, Marc-Antoine},
  journal		= {Journal of Combinatorial Optimization},
  volume		= {32},
  number		= {4},
  pages			= {1327--1370},
  year			= {2016},
  publisher		= {Springer}
}

@book{williamson2011design,
  title			= {The Design of Approximation Algorithms},
  author		= {Williamson, David P and Shmoys, David B},
  year			= {2011},
  publisher		= {Cambridge university press}
}

@book{zhou1996robust,
  title			= {Robust and Optimal Control},
  author		= {Zhou, Kemin and Doyle, John Comstock and Glover, Keith and others},
  year			= {1996},
  publisher		= {Prentice hall New Jersey}
}

@book{zhou1998essentials,
  title			= {Essentials of Robust Control},
  author		= {Zhou, Kemin and Doyle, John Comstock},
  year			= {1998},
  publisher		= {Prentice hall Upper Saddle River, NJ}
}
